3004 5066
787 382 945 434 -ῃ,

310 546 519 621 contendisse,
543 545 598 608 sed
622 565 692 607 cum
709 565 746 606 ea
758 543 868 625 populi
883 549 984 625 parte,
1002 565 1082 624 quae
1093 547 1205 625 postea
1217 541 1420 624 optimatium

310 647 523 728 appellatione
546 644 787 728 significabatur
810 645 961 725 cuiusque
983 644 1256 726 propugnaculum
1279 646 1348 707 erat
1366 663 1419 705 se-

309 754 411 811 natus.
455 746 501 811 Ut
522 746 616 810 facile
639 745 847 827 intelligatur,
871 769 952 821 eum,
969 767 1040 809 cum
1056 745 1292 825 antiquissimas
1307 743 1419 826 populi

309 849 432 911 romani
462 870 513 911 res
539 852 694 923 narraret,
717 847 931 928 posteriorum
955 851 987 909 et
1010 847 1177 909 deterioris
1200 850 1295 909 notae
1318 868 1418 908 anna-

308 950 385 1013 lium
418 949 626 1029 scriptoribus
658 947 898 1012 ultramodum
922 948 1077 1011 confisum
1099 969 1178 1024 esse,
1202 948 1256 1028 qui
1279 947 1418 1027 optima-

307 1050 388 1112 tium
422 1053 454 1112 et
486 1049 696 1131 popularium,
730 1053 765 1112 ut
796 1049 1005 1130 appellantur,
1036 1049 1175 1130 partium
1198 1049 1419 1112 contentiones

308 1151 454 1214 uiderant
477 1155 509 1213 et
532 1151 571 1213 ad
594 1171 703 1212 eorum
726 1150 963 1212 similitudinem
986 1149 1089 1232 plebis
1106 1171 1177 1213 oum
1192 1149 1336 1232 patribus
1350 1170 1419 1210 cer·

308 1252 428 1314 tamina
452 1252 741 1315 conformauerant.

334 1381 337 1386 ·
409 1351 471 1415 Sed
499 1358 534 1415 ut
557 1353 596 1415 ad
619 1375 657 1414 ea
678 1357 887 1428 reuertamur,
911 1373 991 1432 quae
1015 1352 1053 1414 de
1075 1351 1229 1434 patriciae
1253 1351 1420 1431 dignitatis

309 1453 431 1534 origine
455 1454 599 1530 senserit,
622 1453 756 1516 forsitan
779 1453 879 1516 multo
902 1453 1089 1532 posterioris
1106 1453 1259 1534 temporis
1271 1452 1420 1515 instituta

309 1560 340 1617 et
364 1575 467 1618 mores
491 1555 693 1618 considerans
716 1555 777 1618 sibi
800 1555 1004 1636 persuaserit,
1027 1555 1180 1635 patricios
1195 1577 1259 1618 non
1275 1577 1291 1617 e
1307 1567 1421 1636 regum

309 1656 415 1737 aliquo
445 1656 576 1720 consilio
604 1658 807 1738 processisse.
852 1656 974 1721 Uerum
997 1661 1126 1721 netum
1149 1657 1286 1738 quidem,
1310 1657 1336 1719 si
1359 1657 1421 1720 hae

308 1758 360 1820 uia
394 1758 434 1820 ad
468 1757 649 1838 opinionem
684 1780 773 1820 suam
807 1758 963 1838 peruenit,
997 1758 1062 1821 ulla
1094 1780 1189 1822 causa
1220 1763 1278 1834 est,
1302 1780 1358 1821 cur
1381 1759 1422 1821 ad

308 1859 375 1922 eius
397 1859 548 1922 iudicium
571 1863 712 1922 nostram
735 1860 926 1922 sententiam
950 1859 1132 1940 dirigamus.
1170 1858 1216 1922 Ut
1239 1859 1323 1922 enim
1339 1857 1421 1922 Dio-

307 1981 380 2023 nem
411 1961 444 2022 in
472 1961 593 2023 liberae
624 1961 671 2023 rei
702 1960 849 2040 publicae
873 1961 1102 2040 antiquissimis
1125 1960 1322 2041 temporibus
1346 1983 1422 2023 nar-

308 2061 417 2123 randis
446 2061 587 2142 grauiter
617 2082 739 2124 errasse
767 2057 913 2138 uidimus
936 2063 982 2124 ita
1005 2084 1077 2125 oum
1100 2063 1137 2124 de
1160 2062 1199 2124 iis
1221 2061 1422 2142 temporibus

309 2157 458 2242 loquitur,
482 2185 616 2242 quorum
639 2163 668 2224 ei
690 2162 814 2242 plenior
837 2163 952 2226 notitia
974 2163 1208 2244 suppeditabat,
1232 2163 1270 2226 de
1285 2163 1424 2243 patricia

309 2263 464 2344 dignitate
498 2262 664 2342 largienda
696 2264 729 2325 id
757 2265 874 2341 tradit,
890 2265 974 2345 quod
997 2286 1099 2345 neque
1122 2265 1199 2328 satis
1223 2269 1346 2328 certum
1369 2266 1423 2340 sit,

309 2364 1424 2443 mmmmmmmfflmmwfflfflfflmmmMn

309 2486 399 2545 pora,
422 2486 503 2545 quae
526 2465 564 2527 de
587 2464 642 2528 illa
665 2487 698 2528 re
722 2466 896 2530 docuerant
919 2467 1058 2544 annales,
1082 2469 1185 2530 minus
1201 2467 1338 2548 probata
1352 2490 1424 2531 cre-

310 2566 430 2628 damus.
467 2564 569 2629 Ualde
593 2566 714 2644 dubito,
737 2572 865 2630 rectene
889 2589 922 2630 se
937 2567 1087 2647 habeant,
1104 2592 1184 2650 quae
1201 2571 1238 2633 de
1251 2567 1425 2632 Octauiani

309 2666 445 2746 patricia
467 2667 623 2748 dignitate
646 2668 729 2750 apud
753 2690 825 2731 eum
848 2674 1028 2745 occurrunt,
1052 2693 1246 2752 quamquam
1265 2671 1424 2751 quodam-

309 2769 403 2834 modo
426 2791 483 2850 per
506 2791 544 2831 ea
567 2769 692 2832 defendi
714 2770 873 2848 uidentur,
898 2793 979 2850 quae
1002 2771 1040 2834 de
1063 2793 1101 2834 ea
1123 2794 1157 2834 re
1181 2777 1213 2834 et
1232 2770 1426 2835 aSuetonio

310 2871 342 2932 et
364 2868 441 2931 alibi
464 2870 609 2950 exposita
631 2875 714 2933 sunt.
751 2871 822 2934 Hoc
839 2873 922 2952 apud
937 2871 1072 2934 Dionem
1088 2872 1267 2934 inuenimus
1283 2870 1375 2933 XLV
1389 2874 1425 2934 2:

310 2969 1426 3061 bfflmwmmwfflwwwmmfflww

309 3071 1427 3155 mfflmuffimmwmmmfflmmfflmfflmffims

310 3173 397 3254 (Diu.
421 3173 504 3253 Aug.
530 3173 547 3254 ἓ
572 3174 639 3255 10);
674 3177 709 3237 in
741 3176 842 3244 locum
873 3175 996 3237 tribuni
1022 3175 1127 3258 plebis
1154 3175 1239 3256 forte
1262 3177 1428 3240 demortui

311 3274 522 3336 candidatum
545 3261 585 3336 sc*
599 3276 748 3356 ostendit,
771 3297 963 3360 quoinquorn
981 3279 1147 3360 patricius
1169 3277 1303 3340 necdum
1326 3300 1427 3342 seno-

311 3383 370 3438 tor.
414 3375 458 3437 Et
487 3373 641 3439 Nicolaus
669 3376 897 3454 Damascenus,
921 3376 1100 3456 Octauium,
1124 3383 1295 3459 antequam
1318 3379 1427 3461 Apol-

256 3543 260 3548 ,
310 3476 428 3539 loniam
461 3476 624 3558 profectus
657 3483 750 3554 esset,
782 3479 951 3558 patricium
984 3480 1105 3543 factum
1137 3503 1215 3556 esse,
1238 3479 1288 3543 his
1313 3482 1427 3545 uerbis

310 3577 445 3642 tradit¹:
475 3577 629 3659 διατρίβων
653 3577 679 3638 δ’
702 3575 732 3641 ἐν
755 3589 791 3662 τῇ
815 3579 899 3640 πόλει
921 3577 977 3642 ὑπὸ
1000 3589 1055 3662 τῆς
1077 3581 1191 3663 βουλῆς
1214 3574 1443 3643 dnodeiauotou'

311 3675 382 3740 εἶναι
412 3687 467 3739 τῶν
498 3681 666 3760 πατρικίων.
712 3679 799 3754 Quae
833 3680 956 3758 Dionis
990 3679 1145 3759 Suetonii,
1177 3681 1305 3745 Nicolai
1328 3684 1427 3746 testi-

312 3780 417 3843 monia
440 3780 466 3842 si
489 3802 523 3842 re
547 3802 623 3842 uera
645 3781 677 3843 id
700 3781 824 3858 docent,
848 3782 932 3861 quod
955 3782 1068 3844 dooere
1092 3783 1290 3846 uidentur—
1305 3781 1339 3846 C.
1359 3782 1426 3847 Oc-

310 3881 433 3943 tauium
457 3879 701 3958 adolescentem,
723 3882 909 3962 priusquam
932 3881 997 3946 ullo
1021 3883 1211 3964 magistratu
1226 3883 1358 3947 functus
1373 3907 1426 3948 es-

311 3984 370 4058 set,
392 3981 476 4043 inter
498 3981 649 4061 patricios
673 3981 823 4044 allectum
846 4004 971 4045 esse-
990 3983 1155 4046 fatendum
1179 3988 1236 4061 est,
1259 3985 1292 4046 in
1317 3987 1427 4066 patri-

312 4082 368 4144 ciis
391 4081 533 4162 legendis
557 4105 620 4146 non
644 4083 683 4145 ad
706 4105 759 4146 eas
781 4106 910 4147 normas
934 4089 1039 4148 actum
1056 4107 1123 4148 esse
1141 4108 1159 4148 a
1174 4084 1321 4163 Caesare,
1338 4109 1428 4167 quae

417 4217 545 4278 ¹Fragm.
568 4223 614 4267 100
635 4221 738 4277 [Miiller
757 4222 859 4280 Fragm.
879 4224 938 4269 hist.
958 4237 1043 4280 graec.
1063 4224 1102 4269 III
1121 4239 1145 4283 p.
1165 4223 1232 4280 434).
