3004 5066
827 407 964 458 ,6-

341 571 482 647 haberet,
506 572 584 635 ciuis
607 592 755 634 romanus
772 591 840 633 esse
856 569 1010 649 nequiret.
1045 567 1210 643 Quomodo
1222 569 1349 650 patricii
1361 569 1451 650 prin·
1494 563 1495 566 '

341 673 463 753 cipatus
487 678 590 736 ortum
613 672 761 747 declaret,
785 670 897 734 melius
919 671 1019 752 ipsius
1041 670 1148 733 uerbis
1172 669 1348 750 explicatur
1372 669 1406 750 (l.
1431 670 1451 733 l.

340 797 369 855 p.
394 773 483 854 652):
510 773 599 837 “Alle
623 774 694 836 dem
710 773 863 836 Patriciat
878 772 1102 835 inhlirirenden
1114 770 1343 847 Ehrenrechte,
1360 778 1451 834 n'am-

340 874 404 938 lich
426 874 521 938 theils
545 876 600 938 das
624 875 771 956 allcinige
794 873 937 938 Anrecht
960 874 1017 938 auf
1036 873 1202 950 Priester-,
1227 872 1373 935 Richter·
1389 873 1452 934 und

340 975 618 1053 Beomtcnstellen,
641 976 736 1039 theils
760 976 829 1038 eine
852 974 953 1038 Reihe
977 974 1115 1038 sacraler
1136 974 1376 1050 Prttensionen,
1393 975 1452 1036 wie

340 1078 394 1140 das
419 1076 522 1140 Recht
544 1078 594 1140 die
618 1079 837 1157 confarreatio
861 1077 923 1139 und
939 1078 1088 1160 auspicio
1101 1078 1235 1159 priuato
1249 1098 1287 1138 zu
1300 1075 1451 1150 besitzen,

340 1178 495 1241 beruhten
519 1177 645 1242 allein
668 1179 724 1242 auf
744 1180 799 1242 der
820 1178 955 1241 factisch
978 1179 1037 1240 wie
1053 1176 1208 1240 rechtlich
1223 1177 1452 1240 bedeutsamen

340 1278 485 1360 Stellung
508 1281 563 1342 der
586 1279 812 1344 Geschlechter
834 1280 897 1342 und
920 1280 991 1342 dem
1014 1280 1046 1341 in
1069 1278 1165 1341 ihnen
1184 1277 1252 1341 sich
1268 1277 1452 1341 ausbilden-

340 1381 401 1443 den
425 1383 475 1443 ios
495 1383 723 1463 pontiliciurn.“

441 1481 531 1556 Quod
565 1483 602 1546 de
636 1482 686 1545 his
717 1483 811 1546 rebus
843 1481 954 1544 statuit
985 1479 1105 1558 Soltau,
1133 1482 1303 1545 maximam
1326 1488 1453 1563 partem

339 1582 450 1663 probo,
485 1589 516 1646 et
549 1584 633 1646 infra
665 1584 841 1666 apparebit,
875 1604 925 1644 me
958 1583 991 1644 in
1024 1582 1132 1645 multis
1163 1583 1268 1656 rebus
1301 1606 1384 1663 quac
1416 1586 1452 1647 ad

339 1690 480 1747 nostram
514 1686 732 1765 quaestionem
765 1685 935 1766 pertinent,
969 1684 1035 1747 eius
1070 1685 1213 1747 doctrina
1241 1685 1344 1747 inniti.
1393 1684 1453 1750 Sed

340 1808 401 1865 qua
432 1787 673 1867 argumentandi
704 1787 827 1849 ratione
854 1807 928 1848 usus
952 1791 1009 1860 est,
1033 1786 1065 1847 in
1089 1807 1157 1847 eam
1180 1785 1276 1848 liceat
1297 1786 1378 1849 mihi
1404 1787 1452 1850 hic

339 1909 440 1970 pauca
473 1889 596 1951 afferre.
642 1887 805 1951 Postilla
834 1887 942 1962 uerba,
975 1909 1055 1998 quae
1078 1887 1171 1950 modo
1196 1887 1297 1963 attuli,
1321 1910 1453 1970 operam

339 1989 448 2062 datu
431 1993 536 2052 uttos
522 1989 642 2064 ttcnda
620 1989 821 2070 tquomodo
845 1988 910 2050 fact
897 1992 965 2051 tum
988 1987 1038 2064 sit,
1016 1991 1097 2050 ut
1112 1992 1201 2050 tanta
1216 1989 1264 2050 uis
1276 1993 1360 2051 esset
1374 2011 1452 2069 gen-

339 2090 461 2152 tilicii
454 2091 540 2166 ruric,
564 2095 629 2152 tom
652 2091 759 2171 magni
782 2089 965 2153 momenti
957 2111 1027 2170 ipsa
1051 2093 1127 2170 gent
1113 2088 1177 2152 tilit
1163 2093 1223 2163 tas,
1246 2089 1330 2152 unde
1352 2096 1411 2170 pat
1413 2092 1454 2153 ri-

341 2192 459 2253 ciarum
490 2191 631 2271 gentium
655 2191 866 2271 principatum
892 2191 1032 2271 genitum
1056 2195 1156 2270 putet.
1134 2187 1264 2252 tSed
1286 2211 1336 2253 me
1359 2191 1454 2272 fugit,

340 2292 414 2371 quid
447 2291 588 2354 efficiant
575 2296 666 2366 tea,
699 2313 779 2371 quae
807 2292 909 2358 affert
886 2292 994 2353 tnisi
1017 2312 1203 2354 concessum
1225 2291 1277 2366 sit,
1299 2293 1454 2371 patricios

339 2392 423 2458 solos
451 2393 594 2473 gentium
622 2393 756 2455 uinculis
780 2361 951 2455 obstrictos
974 2392 1080 2454 fuisse.
1127 2391 1278 2454 Crederes
1301 2413 1359 2473 per
1382 2391 1454 2457 Sol-

338 2494 459 2555 tauium
490 2494 521 2556 id
553 2515 647 2573 quam
669 2492 820 2556 facillime
844 2493 984 2568 concedi,
1008 2493 1062 2573 qui
1084 2493 1104 2555 l.
1127 2493 1147 2555 l.
1172 2515 1201 2573 p.
1226 2494 1287 2555 654
1310 2495 1454 2575 patriciis

247 2609 249 2611 ’
338 2593 485 2675 gentibus
508 2594 650 2676 plebeias
674 2594 939 2670 societates,·illis
961 2594 1150 2670 consimiles,
1167 2595 1345 2675 opponat¹;
1370 2597 1455 2676 quod

338 2702 444 2760 utrum
476 2701 561 2759 recte
593 2701 751 2760 statuatur
773 2718 883 2773 necne,
906 2697 1032 2778 plebem
1056 2697 1204 2778 gentibus
1227 2696 1377 2773 caruisse,
1404 2697 1454 2760 hic

338 2799 441 2873 mitto,
466 2799 614 2878 quoniam
639 2799 678 2861 ad
701 2820 770 2860 eam
787 2798 1005 2878 quaestionem
1021 2798 1262 2860 examinandam
1276 2797 1361 2859 infra
1372 2798 1453 2861 mihi

337 2900 559 2961 reuertendum
590 2899 664 2974 erit;
696 2922 779 2962 nunc
802 2900 834 2962 id
856 2903 980 2962 tantum
1004 2920 1258 2974 commemorem,
1282 2899 1367 2978 quod
1390 2898 1452 2962 hoc

337 3000 407 3063 loco
441 3000 613 3080 plurimum
646 3000 742 3075 ualet,
775 2998 951 3063 Soltauium
982 3000 1084 3080 ipsum
1109 2999 1171 3060 alia
1192 2999 1266 3061 libri
1289 2999 1336 3061 sui
1360 3005 1452 3079 parte

338 3100 509 3175 declarare,
540 3122 604 3168 non
636 3100 697 3162 sibi
726 3100 898 3162 uerisimile
921 3099 1033 3174 uideri,
1056 3099 1207 3180 patricios
1230 3099 1314 3162 solos
1338 3106 1451 3181 gentes

338 3201 486 3264 habuisse
498 3200 528 3286 2'.
564 3201 633 3274 Quo
664 3201 710 3275 fit,
742 3206 777 3262 ut
807 3223 871 3263 non
901 3200 982 3262 bene
1009 3201 1228 3281 perspiciatur,
1252 3202 1336 3281 quod
1360 3202 1451 3266 adiu-

338 3306 478 3364 mentum
502 3302 541 3362 ad
563 3302 775 3382 principatum
799 3301 1004 3364 obtinendum
1027 3301 1169 3381 patriciis
1184 3324 1242 3382 per
1253 3302 1452 3382 gentilitates
1498 3361 1499 3374 ,

338 3403 444 3484 pareri
466 3402 617 3482 potuerit.
1498 3383 1499 3400 Χ

438 3502 551 3583 Neque
574 3502 635 3566 hoc
657 3503 751 3584 plane
774 3504 1039 3585 praetereundum
1063 3509 1120 3567 est.
1158 3503 1341 3580 Dubitatur,
1365 3527 1450 3568 sem-

338 3625 434 3684 perne
461 3603 551 3685 plebs
579 3604 718 3667 ciuitatis
741 3626 891 3668 romanae
914 3627 1071 3686 unapars
1094 3605 1199 3668 fuerit.
1245 3604 1331 3679 Quae
1355 3606 1450 3670 dubi·

443 3806 450 3834 ¹
468 3811 553 3856 Uerbc
571 3811 680 3855 Soltauii
698 3811 762 3855 haec
781 3815 853 3856 eunt:
875 3810 1038 3856 “Hochetens
1057 3810 1153 3855 konnte
1172 3811 1248 3856 dabci
1266 3811 1333 3856 noch
1346 3811 1450 3857 danach

338 3895 441 3952 gcfragt
431 3895 578 3952 taerdcn
606 3894 651 3938 wic
678 3908 707 3939 cs
734 3895 889 3951 gekommen
917 3895 962 3952 eei,
988 3895 1049 3939 dass
1074 3895 1224 3941 ausserdem
1245 3895 1294 3940 alle
1313 3896 1450 3941 einzelnen
1498 3895 1499 3908 ¹

338 3980 512 4039 patricischen
540 3978 825 4035 Gentilverbindungen
844 3992 996 4024 zusammen
1025 3979 1080 4024 sich
1108 3980 1146 4024 als
1172 3980 1212 4023 ein
1237 3980 1342 4036 cigencr
1370 3981 1449 4038 abge·
1498 4031 1499 4040 .

338 4064 504 4110 schlossener
530 4063 610 4107 Stand
634 4063 698 4107 aller
723 4064 850 4120 analogen
874 4063 1052 4122 plebcjischen
1073 4063 1328 4110 Genoseenechaften
1351 4077 1449 4121 gegen-
1498 4103 1499 4114 ,

337 4147 402 4192 iiber
421 4147 511 4192 ffihlen
531 4146 668 4191 kounten.“
706 4147 753 4192 Oui
772 4148 918 4204 quaestioni
937 4148 1037 4193 nullum
1056 4159 1212 4206 responsum
1232 4147 1360 4205 proponit.

441 4226 532 4276 ²L.·1.
553 4244 577 4289 p.
598 4233 628 4277 89
649 4231 706 4275 adn.
727 4233 749 4276 3.
