3004 5066
590 380 744 432 „55-

100 541 281 622 plebiscita
313 541 399 604 facta
430 541 504 605 siut.
549 540 640 616 Quod
671 541 726 604 illo
758 542 838 619 lucc,
870 565 963 622 quem
991 565 1086 625 supra
1108 543 1218 607 lauda-

101 643 229 719 uimus,
263 643 356 706 aliam
390 642 493 724 plebis
525 643 739 706 definitionem
771 642 889 718 intulit,
916 644 948 706 id
971 665 1043 707 eum
1065 645 1219 722 consultu,

101 765 174 806 non
212 765 319 807 errore
353 745 483 807 ductum
515 748 570 806 aut
602 767 676 807 casu
706 746 843 826 quodam
865 745 978 808 fecisse
1001 750 1087 826 puto.
1133 745 1218 819 Quo-

102 845 219 908 minus
252 845 452 908 senatoribus
483 844 574 926 plebs
604 851 827 928 opponeretur,
857 845 936 908 nihil
958 845 1160 927 impediebat,
1184 869 1219 908 ac

100 945 243 1008 minime
276 945 332 1008 illo
363 951 516 1027 tempore,
550 968 619 1008 cum
649 946 752 1027 plebis
783 947 871 1010 notio
904 969 985 1028 uaga
1013 951 1044 1009 et
1071 947 1220 1028 ambigua

101 1051 196 1109 esset
221 1085 260 1092 —-
284 1069 347 1110 non
370 1050 419 1109 est
442 1047 703 1126 obliuiscendum,
732 1049 984 1111 decemuirorum
1006 1047 1093 1128 leges
1116 1048 1218 1110 tribu-

99 1147 153 1210 nis
191 1149 401 1228 conciliisque
432 1148 534 1230 plebis
566 1149 687 1212 nullum
716 1150 748 1211 in
775 1150 843 1212 iure
866 1148 995 1230 publico
1017 1171 1218 1212 romanorum

99 1249 218 1313 locum
250 1251 426 1332 reliquisse.
473 1251 565 1326 Quod
593 1251 619 1314 si
645 1274 679 1314 re
703 1273 780 1314 uera
802 1251 828 1314 is
852 1251 1017 1314 duodecim
1039 1250 1219 1313 tabularum

99 1351 210 1429 locus,
246 1375 340 1433 quem
375 1352 434 1417 Gai
467 1352 566 1416 uerba
599 1353 858 1434 interpretantur,
885 1359 998 1435 potres
1029 1351 1150 1428 habuit,
1182 1374 1219 1414 co

63 1475 67 1480 ·
101 1453 243 1516 meliore
266 1455 335 1517 iure
358 1455 587 1530 contendimus,
618 1454 695 1516 illud
718 1453 918 1528 uocabulum,
943 1475 1013 1519 cum
1036 1453 1068 1514 in
1091 1452 1219 1534 publico
1277 1471 1280 1477 ·

102 1577 258 1618 sermone
283 1561 498 1637 usurparetur,
522 1556 672 1638 patricios
689 1561 851 1619 senatores
867 1553 1056 1635 significare.
1095 1554 1144 1616 Ex
1160 1554 1218 1616 hac

102 1655 210 1736 igitur
243 1661 334 1738 parte
368 1656 547 1720 Rubinonis
579 1658 616 1720 de
648 1657 792 1738 patribus
824 1656 982 1718 sententia
1005 1656 1219 1731 confirmatur,

103 1779 172 1820 uon
208 1757 425 1838 impugnatur.
472 1758 514 1821 Et
545 1759 583 1821 iis
616 1758 821 1840 argumentis,
852 1756 966 1836 quibus
991 1760 1059 1818 erat
1081 1755 1218 1836 proban-

105 1858 196 1936 dum,
238 1860 311 1922 uoci
348 1867 458 1942 potres
495 1861 532 1922 de
567 1864 635 1923 tota
671 1859 806 1941 patricia
846 1857 1012 1921 nobilitate
1051 1860 1220 1938 usurpatae

104 1982 262 2041 magnam
298 1965 436 2024 aetatem
471 1965 502 2024 et
534 1961 654 2041 publici
690 1983 763 2023 usus
798 1959 986 2040 dignitatem
1019 1958 1219 2022 tribuendam

106 2083 191 2139 esse,
226 2061 347 2124 nullam
382 2062 447 2124 uim
480 2063 593 2138 inesse,
627 2063 691 2124 iam
725 2062 801 2124 satis
835 2061 1083 2123 demonstratum
1116 2060 1219 2125 credo,

212 2162 324 2225 Liceat
340 2162 418 2224 mihi
429 2162 490 2226 hoc
502 2163 573 2226 loco
585 2163 749 2243 paululum
765 2161 936 2225 subsistere
953 2166 984 2224 et
999 2161 1031 2222 in
1046 2160 1221 2242 legentium

106 2264 300 2326 memoriam
322 2285 483 2340 reuocare,
514 2264 591 2344 quid
612 2263 672 2327 hac
695 2264 926 2328 dissertationis
950 2284 1038 2325 meae
1060 2267 1150 2343 parte
1173 2263 1219 2325 ef-

107 2366 208 2428 ficere
242 2364 408 2428 noluerim.
453 2363 551 2428 Uolui
584 2387 630 2442 ea,
663 2387 743 2445 quae
776 2367 818 2429 de·
845 2364 1051 2446 patriciarum
1078 2365 1220 2445 gentium

109 2466 237 2547 origine
261 2466 300 2528 ab
324 2465 484 2528 annalium
508 2466 716 2548 scriptoribus
739 2467 856 2530 tradita
879 2467 1067 2548 accepimus,
1084 2466 1221 2546 solaper

112 2589 149 2630 se
175 2567 375 2630 considerare
400 2589 529 2648 -quae
552 2573 717 2649 praeterea
740 2569 777 2630 de
801 2568 935 2631 historia
950 2572 982 2630 et
996 2567 1150 2630 institutis
1163 2589 1220 2648 po-

112 2668 182 2750 puli
213 2668 336 2732 romani
360 2668 578 2748 cognouimus,
612 2690 721 2732 eorum
752 2691 846 2748 quam
869 2669 998 2730 minime
1022 2668 1091 2730 fieri
1114 2672 1222 2748 posset

113 2769 239 2832 ratione
262 2768 373 2831 habita
397 2807 434 2815 -
460 2772 494 2831 ut
517 2774 700 2845 statuerem
723 2792 797 2831 num
822 2791 859 2832 ea
882 2769 1011 2844 ferrent,
1036 2789 1116 2848 quae
1139 2768 1222 2830 inter

115 2893 150 2934 se
178 2869 383 2933 cohaererent
410 2891 512 2950 neque
540 2871 662 2933 ratione
687 2875 718 2932 et
740 2870 857 2934 iudicio
880 2871 973 2951 plane
997 2869 1148 2932 destituta
1172 2891 1221 2931 es-

117 2975 195 3034 sent.
232 2970 407 3051 Postquam
429 2971 510 3033 nihil
532 2971 684 3052 impedire
704 2971 822 3048 inueni,
839 2971 1007 3051 quominus
1022 2970 1221 3033 nobilitatem

119 3078 151 3136 ct
173 3073 366 3152 superiorem
388 3074 420 3134 iu
443 3095 478 3134 re
493 3071 621 3153 publica
636 3073 813 3153 potentiam
829 3073 874 3136 ita
886 3072 962 3134 oriri
974 3071 1115 3152 potuisse
1128 3075 1221 3153 puta·

119 3195 230 3250 remus,
264 3179 299 3236 ut
333 3173 490 3236 docebant
521 3173 567 3235 illi
597 3173 765 3254 patriciam
793 3173 993 3238 nobilitatem
1017 3177 1221 3250 orcamosse,

121 3279 246 3339 conatus
280 3297 349 3338 sum
384 3295 504 3351 eruere,
536 3296 611 3336 num
641 3275 716 3355 quid
744 3275 776 3337 in
798 3277 868 3356 ipsa
890 3275 1017 3338 illorum
1040 3275 1221 3338 narratione

121 3381 209 3453 esset,
232 3377 317 3456 quod
346 3398 402 3438 nos
426 3396 554 3438 monere
577 3380 694 3456 posset,
719 3381 754 3438 ut
777 3377 878 3456 magis
903 3398 940 3438 ea
962 3375 1220 3456 approbaremus,

123 3499 198 3560 quae
228 3477 260 3539 in
292 3476 429 3556 antiquis
460 3475 626 3538 annalibus
655 3478 826 3540 memoriae
851 3477 998 3539 mandata
1021 3481 1103 3552 sunt,
1129 3498 1223 3556 quam

124 3599 198 3660 quae
228 3577 421 3641 recentiores
456 3581 566 3640 contra
600 3598 654 3639 eos
688 3578 939 3658 disputauerunt.
989 3575 1096 3656 Atque
1129 3578 1222 3639 credo

123 3683 202 3744 recte
224 3679 370 3742 contendi
393 3700 495 3758 posse,
519 3677 588 3758 ipsa
610 3678 773 3740 nominum
790 3681 821 3740 et
837 3677 1086 3758 appellationum
1100 3678 1222 3740 ratione

125 3803 162 3844 ea
180 3801 367 3861 magnopere
391 3781 614 3857 commendari,
638 3801 718 3860 quae
742 3780 779 3842 de
802 3778 946 3860 patribus
971 3783 1002 3840 et
1024 3779 1166 3858 patriciis
1189 3780 1222 3841 in

127 3881 255 3960 antiquis
285 3881 400 3944 litteris
423 3883 541 3945 tradita
563 3887 646 3957 sunt,
671 3903 708 3944 ea
730 3879 871 3960 infringi,
896 3902 976 3959 quae
1000 3884 1112 3943 contra
1135 3885 1223 3942 uete-

127 4003 190 4046 rum
220 3981 409 4062 scriptorum
442 3983 665 4046 auctoritatem
696 3986 805 4045 nostra
835 3985 938 4043 aetate
962 3985 1035 4043 sunt
1057 3985 1221 4063 temptata.

129 4081 161 4146 Si
184 4081 211 4143 in
233 4081 292 4144 hac
315 4104 349 4145 re
372 4084 590 4164 persequenda
612 4083 737 4164 longior
759 4083 846 4144 uisus
870 4082 939 4154 sim,
963 4081 1023 4158 hoc
1046 4081 1124 4144 mihi
1147 4105 1222 4146 cou-

135 4183 300 4246 douandum
322 4187 379 4246 est.
424 4182 507 4246 Nam
531 4207 723 4263 quamquam
745 4184 824 4246 haec
847 4205 896 4246 res
920 4169 1049 4246 maximi
1072 4185 1223 4248 momenti
