3004 5066
570 378 727 431 ..37-

92 543 210 606 dandos
240 541 370 606 coibant
393 577 429 584 —
455 562 597 621 quosque
619 561 701 602 nunc
723 561 823 621 paene
846 561 955 603 omnes
978 540 1203 620 antiquitatum

92 645 239 707 doctores
274 643 396 724 regium
430 646 574 704 senatum
607 641 789 721 liberaeque
820 641 867 703 rei
897 641 1042 722 publicae
1076 648 1202 706 senatus

90 744 262 827 patriciam
284 748 408 826 partem
430 743 528 806 fuisse
551 743 734 805 existimant
756 779 795 788 -
819 746 887 805 tum
903 743 1037 823 denique
1052 742 1203 807 hic-idem

90 847 210 910 liberae
239 846 287 909 rei
319 845 465 927 publicae
499 849 626 908 senatus
639 843 658 906 ¹.
704 842 766 907 Sed
788 845 918 926 proprio
942 849 973 908 et
997 867 1052 908 suo
1075 847 1203 908 nomine

91 948 173 1028 apud
201 952 328 1011 ueteres
356 969 410 1011 eos
442 947 543 1010 solum
563 953 675 1029 patres
697 946 873 1028 appellatos
897 968 974 1022 esse,
999 969 1077 1027 quos
1100 948 1202 1029 primo

91 1055 121 1112 et
153 1050 254 1112 tertio
293 1049 364 1113 looo
401 1049 503 1130 posui,
541 1069 623 1111 nuno
661 1048 727 1111 fere
762 1049 908 1112 omnibus
941 1048 1111 1130 probatum
1145 1055 1202 1126 est,

90 1151 164 1213 lieet
192 1152 396 1227 contendant,
429 1155 535 1213 utrum
568 1172 695 1213 sensum
725 1149 787 1213 hoe
818 1150 1007 1214 uocabulum
1034 1145 1202 1233 1111113113-

90 1251 205 1315 buerit.
255 1251 395 1314 Putrica'i
428 1273 504 1314 uero
538 1273 601 1314 non
632 1251 734 1314 solum
766 1251 788 1313 ii
811 1250 896 1314 ciues
919 1251 1126 1344 uocabantur,
1149 1254 1201 1334 qui

90 1375 106 1415 3
142 1353 290 1433 patriciis
329 1353 477 1435 gentibus
516 1357 606 1416 erant
644 1353 778 1430 oriundi,
815 1353 869 1416 sed
907 1353 1003 1416 etiam
1039 1354 1086 1417 illi
1123 1356 1203 1437 regii

90 1459 267 1531 senatoreS,
302 1457 355 1536 qui
388 1455 573 1536 plerumque
604 1459 711 1535 patres
743 1454 985 1536 appellabantur
996 1454 1016 1518 ².
1072 1454 1140 1520 lam
1177 1457 1203 1519 31

90 1555 146 1618 has
181 1556 414 1638 appellationes
448 1557 623 1630 considero,
656 1578 713 1637 per
746 1579 799 1619 eas
831 1557 999 1621 admodum
1023 1559 1203 1621 confirmari

91 1678 216 1735 censeo,
250 1681 329 1738 quae
360 1659 397 1721 de
421 1659 625 1740 patriciarum
648 1657 790 1739 gentium
813 1659 935 1740 origine
959 1660 1081 1739 antiqui
1103 1660 1203 1742 scrip-

92 1763 179 1822 tores
210 1759 424 1841 protulerunt.
468 1758 551 1822 Nam
575 1759 700 1822 etiamsi
722 1760 784 1840 ipsi
806 1760 1037 1841 excogitarunt,
1062 1762 1203 1841 quaeda

90 1858 149 1922 hac
174 1882 209 1923 re
233 1861 406 1924 memoriae
429 1861 627 1936 mandarunt,
649 1882 778 1923 necesse
802 1865 850 1923 est
871 1861 1068 1938 inclinemus,
1092 1867 1127 1924 ut
1149 1883 1203 1925 eos

90 1981 201 2024 uerum
224 1962 341 2025 uidisse
364 1967 520 2043 putemne,
544 1966 712 2044 postquam
734 1962 921 2038 inuenimuS,
941 1961 996 2039 ita,
1014 1985 1093 2042 quae
1109 1985 1202 2044 prae-

90 2060 176 2134 bent,
201 2063 402 2126 conformata
424 2085 503 2138 esse,
526 2067 562 2126 ut
583 2084 634 2125 res
657 2067 689 2125 et
711 2063 839 2125 nomina
862 2085 956 2143 quam
979 2064 1098 2145 optime
1121 2065 1203 2128 inter

91 2184 123 2224 33
147 2169 336 2245 congruant.
374 2163 530 2228 Patricios
554 2163 660 2244 aliquo
684 2163 777 2226 modo
801 2163 950 2227 cumillis
965 2165 1109 2245 patribus
1126 2188 1202 2229 con-

90 2285 188 2328 nexos
211 2266 321 2341 fuisse,
345 2288 424 2346 quos
446 2265 533 2347 leges
558 2265 747 2330 auctoritate
770 2287 826 2328 sua
849 2266 1052 2329 confirmasse
1069 2272 1202 2345 constat,

91 2385 127 2428 eo
160 2367 268 2430 minus
301 2367 412 2448 negari
443 2371 559 2448 potest,
591 2367 675 2448 quod
703 2367 861 2430 interdum
886 2367 973 2430 illam
996 2390 1108 2431 uocem
1131 2367 1203 2452 (pu-

91 2465 195 2548 tricii)
231 2489 288 2548 pro
321 2467 381 2530 hac
414 2466 554 2551 (putres)
586 2472 769 2550 usurpatam
795 2468 1067 2549 deprehendimus.
1114 2469 1204 2544 Quod

92 2567 219 2646 quidem
251 2569 344 2632 docet
370 2568 421 2631 uel
443 2569 512 2649 ipsa
534 2591 606 2645 uox,
628 2569 796 2650 patricium
820 2592 891 2632 eum
913 2570 1021 2647 fuisse,
1045 2572 1099 2651 qui
1121 2572 1204 2634 inter

90 2673 197 2747 patres
223 2675 277 2734 aut
300 2676 383 2734 esset
406 2676 461 2733 aut
484 2671 626 2752 cooptari
641 2676 750 2752 posset
762 2675 816 2734 aut
827 2671 911 2734 illius
925 2672 1089 2752 dignitatis
1102 2674 1202 2736 maio-

90 2791 139 2832 res
161 2770 307 2835 haberet.
352 2771 397 2836 Ut
420 2793 458 2835 ex
480 2772 540 2835 hac
562 2777 662 2853 parte,
685 2773 812 2854 patricii
835 2773 1019 2853 quiessent,
1036 2775 1202 2837 satiscon-

15 2883 16 2898 l
91 2870 229 2936 siderate
251 2874 452 2955 interpretati
467 2875 635 2938 uideantur
650 2874 810 2937 annalium
823 2875 1004 2955 scriptores.
1035 2873 1097 2938 Sed
1108 2898 1202 2939 unam

91 2993 157 3036 rem
180 2979 365 3056 posuerunt,
390 2997 469 3056 quae
493 2975 722 3038 dubitationem
738 2975 852 3038 elicere
868 2976 977 3056 possit.
1008 2974 1202 3040 Uooisenim

88 3081 200 3154 patrea
224 3075 357 3139 alterum
381 3099 508 3139 sensum
530 3077 669 3159 priorem
692 3081 724 3140 et
747 3076 952 3158 originarium
968 3077 1065 3140 fuisse
1083 3079 1202 3140 consti-

15 3233 16 3238 ,
91 3178 233 3240 tuerunt:
252 3184 386 3260 potrum
410 3177 656 3259 appellationem
678 3178 814 3260 prim'um
837 3179 927 3260 regio
943 3179 1065 3242 senatui
1080 3178 1202 3242 tribue-

46 3359 48 3364 ,
91 3281 173 3354 runt,
206 3282 273 3341 tum
302 3279 399 3342 tacite
423 3280 461 3342 ad
484 3284 585 3343 totam
607 3280 774 3362 patriciam
796 3280 997 3344 nobilitatem
1019 3280 1201 3361 significan-

92 3375 163 3441 dam
189 3380 430 3444 transtulerunt.
477 3380 566 3455 Quod
590 3383 616 3444 si
638 3382 698 3446 hac
721 3383 753 3445 in
775 3405 810 3445 re
834 3386 1019 3446 errauerunt
1042 3387 1073 3444 et
1093 3391 1203 3466 patres

92 3478 130 3540 ab
153 3480 245 3544 initio
269 3481 298 3544 ei
321 3481 571 3563 appellabantur,
596 3484 649 3563 qui
672 3483 731 3546 soli
753 3484 847 3565 plena
870 3485 999 3547 ciuitate
1022 3483 1202 3546 fruerentur

93 3582 123 3641 et
144 3582 299 3661 patriciae
322 3583 454 3663 originis
478 3589 593 3660 essent,
616 3589 651 3648 ut
674 3586 695 3646 ii
719 3585 789 3661 uiri,
810 3586 863 3666 qui
885 3586 923 3648 ad
939 3585 1114 3666 interreges
1126 3607 1201 3665 pro·

92 3678 210 3746 dendos
233 3683 370 3759 coibant,
394 3685 435 3768 ob
459 3706 529 3747 earn
551 3685 653 3749 solum
676 3708 803 3748 oausam
823 3693 934 3769 [intres
950 3686 1104 3761 audirent,
1118 3687 1201 3766 quod

92 3783 255 3858 praeclaro
287 3785 342 3848 illo
374 3786 527 3868 sanguine
554 3787 621 3849 nati
645 3792 744 3864 erant,
767 3809 895 3850 necesse
920 3793 967 3850 331
990 3787 1202 3852 dissoluantur

93 3901 292 3912 ἣ.-

197 3951 205 3980 ¹
224 3957 268 4002 cu·
287 3957 467 4005 Christeasen:
488 3959 534 4004 Die
553 3960 753 4018 ursprr'ingliohe
772 3959 926 4016 Bedeutung
945 3960 990 4005 der
1003 3962 1101 4007 Patres.
1138 3963 1202 4011 Her-

94 4047 147 4083 mes
166 4039 216 4097 IX;
235 4041 324 4087 Soltau
342 4043 358 4087 l.
378 4043 393 4088 1.
413 4057 438 4102 p.
460 4045 515 4088 194.
1170 4025 1176 4034 ¹

197 4118 288 4170 ²Uide
311 4139 368 4171 eam
395 4126 573 4172 Christenseni
597 4129 805 4174 dissertationem
825 4143 849 4188 p.
870 4129 909 4188 20,
929 4143 1007 4188 quam
1027 4143 1106 4188 supra
1125 4145 1148 4190 p.
1171 4133 1200 4176 10

94 4203 204 4266 laudaui,
223 4211 250 4254 et
267 4209 358 4256 Soltau
376 4210 392 4254 l.
412 4211 427 4256 l.
447 4224 490 4270 pp.
511 4212 558 4257 203
579 4226 634 4270 sqq.
