3004 5066
755 425 914 480 „92-

280 592 374 654 situm
408 595 465 667 est,
501 614 519 654 a
549 589 704 671 Dionysio
736 588 767 652 ll
791 592 830 652 10
858 594 953 670 atque
984 587 1197 652 aPlutaroho
1220 588 1311 652 Rom.
1338 589 1413 663 13,-

281 715 413 774 quorum
446 692 498 755 hie
531 693 646 774 prioris
679 692 778 755 uerba
809 691 918 772 paucis
949 692 1182 773 praetermissis
1205 691 1389 754 afferemus:

281 794 349 863 τοὺς
382 797 435 873 μὲν
469 795 642 875 πατρικίους
676 791 735 854 ἔδει
766 801 826 862 τοῖς
858 789 970 853 ἑαυτῶν
993 792 1137 861 πελάταις
1152 783 1329 875 Ιἐξηγεῖσθαι
1351 792 1390 850 τὰ

281 894 391 968 δίκαια,
413 892 455 957 ὢν
475 892 530 956 obn
553 892 633 978 εἶχον
655 892 759 956 ἐκείνοι
782 897 834 976 τὴν
858 891 1021 976 ἐπιστήμην
1048 931 1079 938 —
1111 931 1141 938 —
1174 932 1219 954 -.
1249 891 1337 960 δίκας
1359 914 1391 952 τε

280 992 351 1077 ὑπὲρ
374 1006 430 1058 τῶν
452 995 587 1058 πελατῶν
611 994 813 1077 ἀδικουμένων
836 994 1005 1078 λαγχάνειν,
1029 993 1117 1064 εἴτις
1140 994 1299 1075 βλάπτοιτο
1323 994 1390 1074 περί

281 1098 318 1156 τὰ
350 1096 526 1179 συμβόλαια,
556 1098 608 1158 καὶ
637 1105 697 1165 τοῖς
720 1094 896 1175 ἐγκαλοῦσιν
918 1093 1051 1180 ὑπέχειν·
1079 1137 1111 1144 -
1143 1133 1173 1140 -
1206 1133 1236 1140 »-
1264 1095 1333 1162 τοὺς
1356 1093 1389 1154 δὲ

281 1197 414 1267 πελάτας
435 1196 495 1258 ἔδει
518 1205 580 1266 τοῖς
603 1195 713 1258 ἑαυτῶν
729 1201 910 1278 προστάταις
925 1199 1095 1278 θυγατέρας
1111 1218 1140 1258 τε
1158 1195 1389 1258 συνεκδίδοσθαι

281 1302 484 1382 γαμουμένας,
508 1296 533 1360 εί
558 1300 720 1368 σπανίζοιεν
744 1295 771 1360 οἱ
789 1303 913 1381 πατέρες
928 1303 1102 1382 χρημάτων,
1118 1301 1170 1360 καί
1184 1298 1276 1378 λότρα
1292 1317 1389 1358 κατα-

282 1399 402 1479 βάλλειν
437 1401 601 1481 πολεμίοις,
633 1397 662 1460 εί
685 1421 727 1469 τις
750 1398 845 1462 αὐτῶν
868 1398 887 1483 ἢ
911 1399 1022 1462 παίδων
1045 1395 1239 1483 αἰχμάλωτος
1261 1401 1388 1476 γένοιτο·

182 1489 184 1496 ’
282 1499 370 1570 δίκας
399 1523 429 1562 τε
459 1497 589 1561 ἁλόντων
610 1497 688 1569 ἰδίας
711 1498 730 1582 ἢ
754 1503 863 1584 ζημίας
886 1498 1036 1584 ὀφλόντων
1060 1499 1208 1582 δημοσίας
1230 1497 1390 1581 ἀργυρικὸν

282 1599 414 1685 ἐχοίσας
446 1604 559 1685 τίμημα
588 1599 623 1662 ἐκ
645 1611 700 1670 τῶν
721 1598 802 1663 ίδίων
825 1602 952 1662 λόεσθαι
974 1605 1137 1685 χρημάτων
1164 1639 1194 1646 -
1227 1639 1258 1645 -
1290 1642 1337 1661 --.
1359 1598 1391 1660 ἐν
1449 1600 1451 1602 ’

282 1724 312 1762 τε
345 1700 455 1786 ἀρχαῖς
488 1703 540 1763 καί
573 1705 766 1787 γερηφορίαις
797 1705 849 1763 καί
878 1711 943 1772 ταῖς
967 1700 1075 1771 ἄλλαις
1098 1710 1162 1771 ταῖς
1184 1698 1225 1770 είς
1247 1703 1284 1762 τὰ
1306 1702 1393 1763 κοινὰ

283 1803 430 1873 δαπάναις
452 1813 508 1865 τῶν
532 1801 737 1886 ἀναλωμάτων
759 1801 800 1872 ὡς
814 1804 891 1872 -τοός
913 1807 989 1882 γένει
1012 1808 1219 1886 προσήκοντας
1241 1807 1387 1885 μετέχειν.

282 1916 366 1988 κοινῇ
398 1903 607 1988 δ’ἀμροτέροις
640 1902 704 1966 οὔτε
732 1901 811 1966 όοιον
833 1901 899 1966 οίίτε
921 1906 1012 1986 θέμις
1034 1902 1071 1987 ἧν
1093 1913 1267 1987 κατηγορεῖν
1290 1901 1391 1987 ἀλλη-

283 2007 342 2068 λων
373 2003 419 2067 ἐπὶ
451 2005 547 2074 δίκαις
575 2003 594 2089 ἢ
623 2013 859 2088 καταμαρτυρεῖν
882 2003 901 2088 ἢ
925 2009 1023 2089 ψῆφον
1046 2003 1176 2067 ἐναντίαν
1200 2002 1390 2089 ἐπιφέρεινῆ

283 2095 443 2190 μετὰτῶν
466 2105 587 2190 ἐχθρῶν
610 2105 811 2176 ἐξετάζεσθαι.
847 2103 872 2167 εί
895 2106 927 2168 δέ
949 2128 992 2176 τις
1014 2104 1208 2189 ἐξελεγχθείη
1231 2109 1340 2168 τοίντων
1364 2129 1390 2168 τι
1435 2153 1450 2160 ε

223 2212 225 2218 ’
252 2219 258 2230 ·
284 2209 533 2292 διαπραττόμενος
558 2206 666 2291 ἐ’νοχος
688 2205 724 2290 ην
748 2217 788 2288 τῷ
810 2211 891 2290 νόμιρ
913 2217 968 2290 της
990 2207 1163 2288 προδοσίας,
1187 2207 1217 2269 ὃν
1240 2205 1390 2288 ἐκόρωσεν

283 2308 487 2392 όῬωμόλος,
518 2313 566 2372 τὸν
597 2309 628 2371 δὲ
653 2307 763 2372 ἁλόντα
785 2319 825 2390 τῷ
849 2310 1019 2392 βουλομένῳ
1041 2313 1161 2372 κτείνειν
1184 2306 1265 2371 όσιον
1286 2307 1322 2392 ἦν
1345 2307 1389 2380 ὡς
1422 2310 1425 2320 ⁴

283 2414 368 2494 θῶμα
390 2419 441 2472 του
465 2413 672 2494 καταχθονίου
696 2409 777 2480 Διός.

383 2513 470 2577 Fieri
493 2535 557 2576 non
579 2517 696 2594 potest,
721 2513 795 2593 quin
820 2513 873 2592 qui
896 2512 974 2576 haee
997 2512 1121 2593 legerit,
1145 2513 1254 2576 statim
1273 2513 1390 2592 uideat,

283 2616 366 2679 inter
393 2614 472 2678 haec
495 2615 602 2681 omnia
624 2637 686 2678 non
709 2614 779 2696 plus
802 2636 897 2677 unam
918 2636 985 2676 rem
1007 2613 1182 2677 testimonii
1204 2613 1275 2678 loco
1298 2614 1391 2677 adhi-

283 2717 351 2780 beri
373 2738 476 2798 posse,
499 2717 526 2778 si
549 2717 619 2796 quis
643 2715 809 2780 ostendere
832 2715 919 2790 uelit,
944 2714 1074 2778 clientes
1097 2737 1160 2778 uon
1181 2715 1266 2779 ciues
1281 2715 1390 2779 fuisse.

284 2818 373 2893 Quod
396 2816 507 2880 scribit
528 2815 711 2896 Dionysius,
735 2820 886 2897 patronos
906 2815 1073 2879 clientibus
1090 2815 1154 2879 suis
1169 2816 1217 2879 ius
1233 2817 1391 2898 interpre-

282 2919 344 2982 tari
377 2917 564 3000 oportuisse,
599 2939 662 2980 non
694 2939 731 2980 eo
764 2917 865 2998 magis
894 2921 1041 2997 suspecta
1069 2918 1106 2980 fit
1128 2917 1242 2981 horum
1265 2910 1388 2982 ciuitas}

283 3018 373 3093 Quod
396 3040 471 3082 uero
495 3019 641 3082 dicuntur
664 3017 795 3081 clientes
818 3022 969 3098 patronos
993 3040 1066 3082 suos
1088 3019 1121 3080 in
1143 3018 1269 3082 filiabus
1289 3019 1390 3082 collo-

284 3120 390 3183 candis
425 3123 456 3182 et
486 3119 519 3182 in
549 3119 655 3182 litium
678 3118 951 3182 aestimationibus
973 3118 1171 3200 publicisque
1193 3119 1301 3184 multis
1323 3121 1391 3184 sol·

282 3220 391 3285 uendis
424 3221 572 3283 adiuuare
606 3220 751 3282 debuisse
782 3219 921 3299 itemque
945 3219 984 3282 ab
1007 3219 1152 3284 hostibus
1175 3221 1339 3298 redimere,
1363 3222 1391 3284 si

283 3321 367 3402 eapti
391 3325 506 3396 essent,
531 3320 630 3383 uerba
652 3319 799 3401 Dionysii
815 3341 917 3400 neque
933 3321 971 3383 de
987 3321 1116 3402 publico
1129 3321 1291 3385 clientium
1304 3327 1391 3386 statu

282 3421 454 3503 quidquam
477 3422 601 3499 docent,
624 3443 727 3502 neque
749 3422 877 3484 omnino
892 3421 970 3484 talia
986 3421 1294 3504 officiosignifieant,
1308 3447 1390 3504 quae

280 3523 351 3604 lege
384 3523 558 3586 constituta
589 3522 708 3586 luerint
732 3527 763 3586 et
786 3523 910 3586 iudiciis
934 3523 1019 3604 exigi
1041 3525 1213 3604 potuerint.
1257 3524 1306 3588 De
1329 3525 1390 3588 hae

281 3647 315 3688 re
343 3625 420 3687 satis
448 3629 570 3688 eertum
593 3625 745 3687 iudicium
767 3623 886 3687 habere
910 3624 1064 3701 uidemur,
1088 3625 1172 3705 quod
1196 3647 1233 3688 ea
1255 3647 1389 3689 consue·

280 3726 368 3803 tude,
392 3726 429 3788 de
453 3748 516 3806 qua
538 3725 680 3806 loquitur
703 3724 888 3806 Dionysius,
911 3747 976 3788 non
998 3747 1138 3788 summae
1162 3730 1230 3788 erat
1245 3731 1389 3790 uetusta-

281 3827 332 3904 tis,
364 3827 419 3890 sed
451 3827 581 3890 secundi
608 3825 684 3889 belli
707 3826 815 3908 punici
839 3830 942 3890 aetate
967 3849 1062 3907 quam
1084 3827 1220 3890 maxime
1242 3827 1388 3891 florebat.

281 3926 364 3990 Nam
386 3933 455 3990 tum
477 3927 629 4009 temporis
652 3928 722 4008 lege
739 3925 848 3990 Cincin
863 3928 901 3990 de
918 3927 1008 3990 donis
1025 3932 1057 3990 et
1072 3927 1255 3992 muneribus
1271 3951 1389 4009 prauus

281 4029 334 4092 ille
357 4052 425 4093 mos
449 4029 624 4092 exstinctus
648 4034 705 4105 est,
730 4051 793 4108 quo
817 4034 852 4091 ut
868 4028 912 4092 ait
926 4028 1038 4092 Liuius
1055 4027 1208 4109 (XXXIV
1220 4029 1253 4110 4)
1270 4031 1389 4092 “neoti-

282 4129 361 4211 galis
385 4131 448 4192 iam
472 4135 503 4192 et
526 4130 735 4210 stipendiaria
757 4128 848 4210 plebs
872 4151 940 4193 esse
964 4130 1088 4193 senatui
1104 4133 1282 4211 coeperat“.
1320 4129 1391 4204 Qua

281 4231 352 4312 lege
383 4234 507 4294 constat
538 4231 701 4295 clientium
733 4231 815 4294 dona
837 4230 1008 4312 prohibita,
1032 4253 1095 4294 non
1117 4231 1259 4312 patronis
1283 4230 1391 4294 debita
