3004 5066
838 373 990 425 ..45--

364 539 470 616 partes
494 539 548 598 aut
570 533 679 614 aliqua
700 533 828 614 publica
842 533 989 598 instituta
1003 532 1181 608 hortentur,
1197 537 1233 596 ut
1247 531 1402 614 patricios
1411 552 1452 612 pro

365 635 592 716 antiquissimis
626 633 748 697 ciuibus
781 633 965 708 habeamus,
988 635 1021 697 id
1044 655 1168 716 quoque
1192 633 1361 716 cogitandi
1382 631 1452 694 nobis

364 737 489 800 occasio
523 736 593 812 erit,
627 757 702 799 num
729 735 892 816 gentilicia
914 737 984 800 iura
1006 737 1046 800 ad
1068 736 1220 818 patricios
1243 734 1352 799 solum
1375 732 1452 814 perti-

364 839 500 903 iruerint.
556 837 627 912 Hic,
651 842 686 900 ut
708 837 833 918 saepius
856 839 1047 916 monuimus,
1080 839 1113 902 in
1146 838 1317 902 nominum
1350 839 1452 898 tantun

365 935 488 1004 ratione
515 938 727 1022 perquirenda
758 960 886 1020 operam
909 944 1050 1004 nostram
1074 961 1237 1021 ponemus.
1285 935 1453 1011 Quaerimus

365 1041 474 1122 igitur,
507 1063 582 1104 num
616 1039 709 1104 facile
733 1041 889 1112 credatur,
912 1041 1046 1104 alicuius
1068 1045 1173 1104 terrae
1195 1039 1321 1104 liberos
1344 1036 1453 1108 incolas,

366 1141 420 1222 qui
452 1140 512 1204 soli
543 1140 683 1203 ciuitatis
717 1146 823 1204 essent
844 1150 1055 1222 possessores,
1079 1142 1118 1204 ab
1142 1141 1214 1206 aliis
1236 1140 1385 1204 eiusdem
1404 1143 1452 1200 ter·

366 1264 420 1306 rae
452 1241 575 1318 incolis,
610 1241 663 1321 qui
689 1241 785 1322 plena
807 1243 936 1308 ciuitate
960 1249 1115 1318 carerent,
1138 1265 1176 1306 eo
1198 1240 1394 1323 praesertim
1413 1260 1453 1300 no·

368 1344 451 1406 mine
474 1365 507 1406 se
530 1343 721 1419 distinxisse,
745 1365 807 1423 quo
830 1345 1056 1425 significarent,
1079 1345 1162 1425 apud
1184 1365 1218 1406 se
1241 1343 1334 1406 solos
1352 1340 1455 1404 ‘eaiura

367 1445 484 1521 ualere,
519 1444 633 1524 quibus
666 1444 698 1506 in
731 1444 787 1508 illa
820 1446 949 1510 ciuitate
983 1450 1137 1510 statutum
1165 1449 1260 1516 esset,
1286 1465 1372 1524 quae
1393 1441 1456 1503 inter

367 1551 473 1627 patres
507 1549 539 1608 et
570 1543 654 1608 filios
676 1545 759 1610 ratio
783 1552 875 1610 esset.
920 1546 1001 1610 Mihi
1023 1547 1085 1610 hoc
1108 1547 1176 1610 ueri
1198 1567 1361 1628 perquam
1382 1542 1454 1606 dissi-

367 1646 441 1710 mile
475 1646 608 1710 uidetur.
653 1644 728 1710 Non
750 1651 856 1727 potest
878 1647 1025 1730 cogitari,
1049 1648 1134 1712 ciues
1156 1669 1311 1712 romanos
1336 1667 1370 1708 se
1392 1643 1455 1705 eius·

367 1747 454 1812 modi
487 1746 700 1828 appellatione
724 1747 944 1828 designaturus
976 1749 1085 1825 fuisse,
1113 1754 1148 1812 ut
1170 1748 1271 1812 altera
1296 1767 1377 1810 uoce
1398 1765 1453 1806 sea

367 1849 467 1912 seruis
502 1847 744 1928 distinguerent,
779 1851 832 1930 qui
860 1851 1020 1914 communi
1054 1852 1255 1932 antiquorum
1281 1847 1453 1930 populorum

367 1971 455 2014 more
488 1954 596 2029 patres
630 1971 699 2012 esse
731 1955 763 2012 et
793 1956 900 2032 patres
932 1952 1051 2016 habere
1082 1952 1284 2034 negabantur
1301 1950 1321 2026 ¹,
1355 1947 1452 2012 scilicet

367 2053 451 2133 quod
486 2051 616 2114 seruilia
638 2053 841 2118 matrimonia
864 2059 1042 2118 nouerant
1064 2076 1122 2120 nec
1144 2055 1229 2118 serui
1252 2075 1332 2118 suas
1355 2049 1452 2113 habere

366 2158 515 2234 poterant
538 2151 684 2214 familias.
719 2151 780 2217 Sed
803 2160 946 2236 apparet,
970 2156 1057 2219 uiros
1080 2157 1201 2232 doctos,
1224 2170 1450 2236 quorumsupn

367 2253 496 2318 nomina
528 2253 631 2328 attuli,
665 2275 730 2317 non
763 2256 845 2318 inter
878 2257 996 2320 liberos
1020 2263 1051 2320 et
1074 2279 1183 2320 seruos
1206 2277 1263 2337 per
1282 2255 1451 2339 patro-ms

367 2357 580 2437 patriciorum
614 2355 771 2418 uocabula
799 2357 983 2421 distinctum
1008 2359 1156 2422 uoluisse.
1202 2356 1349 2437 Aliquod
1369 2350 1449 2416 homi·

368 2479 443 2520 num
476 2477 576 2536 genus
609 2456 642 2518 in
676 2457 781 2520 animo
811 2458 1002 2536 habuerunt,
1026 2482 1105 2540 quos
1129 2499 1168 2509 -
1192 2477 1395 2538 quacumque
1414 2472 1450 2514 eos

368 2557 553 2622 condicione
587 2581 661 2621 usos
696 2559 817 2635 uolunt,
852 2561 919 2623 siue
954 2561 1074 2624 liberos
1101 2562 1169 2624 siue
1192 2559 1394 2624 semiliberos
1414 2573 1449 2618 cos

368 2681 519 2722 uocamus
549 2697 583 2704 -
621 2665 706 2722 certe
740 2661 772 2722 in
805 2662 1016 2725 matrimoniis
1050 2662 1168 2725 uixisse
1201 2661 1380 2742 putandum
1410 2659 1448 2716 est·

367 2759 458 2823 Nihil
489 2761 612 2836 attinet,
647 2763 731 2841 quod
761 2763 856 2839 dicas,
881 2756 989 2826 eorum
1013 2763 1216 2826 matrimonia
1238 2785 1305 2826 non
1329 2762 1395 2824 iure
1413 2776 1449 2817 ro·

368 2883 461 2924 mano
483 2865 553 2924 rata
575 2861 682 2937 fuisse,
706 2864 856 2942 quoniam
879 2864 911 2927 id
933 2864 982 2927 ius
1006 2865 1045 2927 ad
1068 2864 1162 2928 aliam
1186 2865 1256 2945 agri
1278 2860 1401 2926 romani
1414 2857 1447 2918 iu-

369 2962 508 3025 cularum
538 2967 666 3043 partem
699 2969 867 3044 spectaret.
913 2964 998 3028 Fieri
1033 2966 1116 3028 enim
1146 2987 1210 3028 non
1233 2968 1372 3045 poterat,
1393 2956 1449 3039 quin

368 3063 423 3125 illa
456 3063 604 3143 coniugia
638 3064 677 3125 ad
711 3087 763 3127 eas
797 3066 961 3145 opiniones
987 3071 1092 3129 essent
1115 3067 1367 3140 accommodata,
1388 3077 1447 3141 quat

368 3167 400 3225 et
433 3165 519 3226 ciues
553 3169 585 3225 et
617 3164 748 3226 clientes
784 3165 864 3245 (siue
887 3167 1055 3230 semiciues
1078 3169 1145 3230 siue
1169 3189 1232 3248 quo
1256 3166 1321 3230 alio
1344 3160 1447 3227 nomint

369 3264 547 3345 appellandi
582 3264 668 3343 sunt)
704 3266 741 3327 de
773 3266 907 3330 honesta
939 3269 1007 3331 uita
1036 3274 1067 3331 et
1090 3270 1128 3332 de
1151 3290 1276 3330 morum
1302 3261 1445 3331 sanctitate

369 3365 532 3428 haberent.
578 3363 689 3445 ltaque
722 3373 870 3449 prompta
892 3369 1039 3432 uoluntas
1063 3369 1172 3445 aderit,
1196 3369 1223 3432 si
1247 3370 1321 3450 quis
1344 3363 1446 3430 credere

368 3467 496 3548 poterit,
519 3465 705 3544 archiciues,
729 3469 813 3548 quod
836 3469 895 3532 soli
917 3475 1024 3552 patres
1047 3492 1115 3534 esse
1137 3475 1269 3550 possent
1292 3475 1385 3550 atque
1404 3457 1445 3525 s0l

368 3573 474 3647 patres
509 3566 636 3642 habere,
670 3573 798 3647 patrum
832 3576 864 3633 et
897 3572 1104 3650 patriciorum
1127 3571 1257 3636 nomina
1281 3571 1343 3635 sibi
1364 3561 1444 3631 uindi-

369 3690 467 3731 casse.
1363 3685 1367 3690 ·

471 3775 516 3832 Ac
540 3775 667 3831 netum
693 3771 820 3850 quidem
843 3771 947 3852 placet
973 3773 1052 3836 haec
1076 3774 1243 3850 sententia,
1268 3775 1295 3836 si
1318 3772 1370 3836 illa
1389 3764 1444 3830 sub·

476 3969 482 3999 ¹
501 3976 533 4020 Ut
554 3975 635 4021 Plaut.
656 3975 728 4035 Capt.
750 3978 797 4022 573
817 3991 866 4035 sq.:

885 4078 966 4125 “Hinc
985 4081 1048 4124 rediit
1067 4081 1166 4125 Alidem

524 4161 564 4204 Ad
581 4166 679 4217 patrem
700 4161 800 4206 hrrtn.s.“
840 4163 930 4219 “ercm
946 4169 1057 4221 patrem,
1076 4167 1120 4223 qui
1138 4178 1229 4210 seruus
1248 4165 1317 4210 est?“
