3004 5066
606 421 762 473 „11-

125 581 210 646 Nam
246 605 327 663 quae
361 584 443 665 apud
478 582 665 663 Dionysium
699 587 782 657 sunt,
806 583 1000 646 contortiora
1022 590 1104 660 sunt,
1126 605 1235 664 parum

125 683 249 748 habent
271 683 493 765 simplicitatis
539 681 613 746 Non
636 682 756 757 dubit0,
780 683 855 764 quin
878 683 976 764 ipsius
999 684 1162 764 scriptoris
1176 684 1236 746 im-

125 790 283 868 portunae
318 785 478 848 sedulitati
512 784 696 847 debeantur.
740 782 853 863 Neque
883 807 945 847 non
969 784 1111 866 dignosci
1133 789 1238 866 potest

126 908 232 960 causa,
250 907 305 948 cur
320 886 470 948 traditam
486 885 668 965 opinionem
683 885 891 965 respuendam
908 885 1065 948 censuerit
1074 883 1096 947 ·¹.
1121 884 1237 966 Cogni-
1318 951 1326 967 ,

126 993 195 1050 tum
218 988 303 1050 enim
326 986 474 1061 habebat,
484 990 657 1050 senatores
673 986 858 1066 posterioris
874 987 1026 1068 temporis
1036 994 1149 1070 potres
1164 1008 1237 1049 coa·

128 1092 275 1172 scriptos,
307 1109 370 1151 non
399 1095 510 1170 patres
532 1087 695 1168 appellari,
719 1109 821 1168 neque
844 1087 1022 1168 suspicatus
1045 1093 1102 1163 est,
1125 1088 1157 1150 id
1180 1086 1238 1150 ali-

128 1190 254 1270 quando
278 1189 371 1252 aliter
392 1189 503 1264 fuisse;
527 1189 611 1269 quod
634 1189 712 1251 haec
735 1189 801 1251 eius
824 1188 923 1252 uerba
941 1189 1033 1252 nobis
1049 1190 1240 1270 persuadent

128 1292 164 1373 (l.
187 1290 236 1371 l.):
259 1287 286 1352 oi
309 1289 341 1351 δὲ
364 1293 539 1373 μετέχοντες
554 1298 604 1351 τοῦ
621 1290 831 1372 βουλευτηρίου
846 1294 970 1371 πατέρες
986 1288 1129 1372 ἔγγραφοι
1146 1310 1238 1371 προσ-

130 1393 350 1474 ηγορευθηοαν.
394 1389 474 1455 Item
508 1413 564 1454 suo
595 1397 738 1472 tempore
766 1392 960 1480 senatoriam
988 1391 1177 1472 dignitatem
1209 1395 1240 1454 et

129 1494 296 1574 patriciam
320 1492 518 1556 nobilitatem
543 1492 635 1572 plane
658 1493 800 1555 diuersas
823 1514 874 1555 res
897 1515 966 1556 esse
989 1493 1120 1569 sciebat,
1139 1513 1240 1572 neque

129 1595 212 1657 hanc
245 1617 283 1656 ex
314 1593 370 1656 illa
400 1594 496 1656 nasci.
542 1592 645 1668 Quare
676 1594 721 1656 sic
753 1615 791 1656 ea
819 1595 964 1668 mutauit,
992 1616 1072 1674 quae
1095 1594 1135 1657 ab
1158 1595 1239 1656 anti-

128 1695 295 1777 quioribus
327 1696 534 1776 scriptoribus
566 1700 741 1776 acceperat,
769 1699 804 1757 ut
829 1718 893 1758 non
915 1695 1018 1758 minus
1036 1696 1187 1778 putribus
1210 1700 1241 1758 et

127 1799 294 1881 patriciis,
327 1797 365 1859 de
399 1797 512 1878 quibus
543 1796 754 1877 loquebantur
783 1797 839 1872 illi,
871 1797 976 1860 locum
998 1801 1125 1878 pararet
1147 1819 1240 1876 quam

124 1899 280 1984 putribus
308 1901 507 1982 conscriptis,
532 1920 610 1978 quos
633 1898 701 1980 ipse
723 1902 865 1961 nouerat.
911 1896 942 1960 Si
967 1897 1045 1960 haec
1068 1901 1152 1960 recte
1175 1903 1240 1960 sta-

128 2001 259 2075 tuimus
282 1998 362 2062 nihil
384 1998 500 2075 obstat,
524 2000 690 2079 quominus
709 2001 815 2062 omnia
831 2021 868 2061 ea
883 1999 1081 2078 antiquitatis
1097 1999 1240 2061 testimo-

128 2103 194 2178 nia,
218 2122 299 2181 quae
322 2123 417 2181 supra
440 2101 612 2177 attulimus,
636 2123 674 2163 ex
697 2102 808 2164 eodem
830 2101 918 2164 fonte
941 2100 1070 2164 fluxisse
1085 2104 1241 2180 putemus,

234 2200 392 2282 Sequitur,
423 2208 459 2266 ut
489 2203 701 2284 dispiciamus,
734 2202 788 2282 qui
814 2201 866 2265 hic
892 2201 989 2264 fuerit
1011 2201 1091 2264 fons.
1136 2200 1242 2283 Atque

129 2325 196 2366 non
227 2303 342 2383 longae
374 2304 576 2384 cogitationis
609 2307 657 2366 est
688 2303 877 2383 intelligere,
909 2325 980 2366 eum
1002 2301 1123 2366 nullum
1146 2303 1242 2367 alium

130 2426 202 2468 esse
225 2405 365 2486 potuisse
390 2427 483 2484 quam
507 2426 615 2467 eorum
638 2405 828 2485 scriptorum
850 2404 959 2481 libros,
982 2426 1061 2484 quos
1083 2405 1243 2468 annalium

129 2507 304 2587 scriptores
328 2506 489 2587 appellare
513 2507 743 2569 consueuimus.
782 2505 921 2580 Quorum
945 2527 1135 2586 quamquam
1149 2527 1242 2569 nemo

129 2609 212 2672 locis
240 2608 372 2671 anobis
405 2608 509 2670 allatis
541 2607 728 2670 nominatim
760 2611 1034 2682 commemoratur,
1066 2608 1119 2670 uix
1151 2607 1242 2670 dubi-

130 2709 264 2772 tandum
296 2713 353 2784 est,
386 2709 461 2789 quin
492 2708 556 2770 iam
587 2709 726 2802 ompium
754 2709 987 2771 uetustissimus
1010 2729 1113 2769 rerum
1137 2729 1242 2770 roma-

131 2832 245 2872 narum
268 2810 414 2889 scriptor,
438 2808 556 2871 l'abius
580 2808 696 2884 Pictor,
720 2831 787 2870 rem
810 2810 864 2884 ita,
887 2813 922 2870 ut
940 2829 1035 2888 supra
1049 2808 1169 2870 factum
1185 2813 1243 2884 est,

130 2911 301 2974 tradiderit
332 2915 364 2972 et
386 2910 425 2972 ad
448 2910 514 2972 eius
538 2909 718 2990 exemplum
741 2910 848 2985 ceteri,
872 2909 937 2972 fere
960 2909 1047 2971 nulla
1068 2909 1243 2971 mutatione

131 3011 228 3074 facta.
267 3010 386 3073 Facere
402 3033 465 3073 non
488 3032 626 3091 possum,
651 3011 726 3090 quin
741 3010 823 3072 hanc
839 3010 1028 3072 sententiam
1041 3009 1243 3090 complectar,

134 3135 209 3176 cum
232 3112 407 3188 considero,
432 3134 502 3174 eam
524 3133 601 3187 rem,
625 3134 719 3191 quam
741 3111 871 3174 nuncin
884 3111 1102 3191 quaestionem
1113 3111 1242 3174 uocaui-

131 3236 215 3290 mus,
232 3213 361 3276 maioris
378 3235 446 3275 esse
462 3214 625 3290 momenti,
641 3235 736 3293 quam
747 3218 782 3275 ut
795 3235 813 3274 a
824 3211 925 3276 Fabio
937 3212 1064 3276 silentio
1077 3212 1244 3293 praeteriri

131 3313 285 3397 potuerit.
330 3313 420 3388 Quod
451 3314 478 3375 si
509 3313 626 3376 Fabius
658 3313 718 3377 hoc
750 3314 820 3377 loco
849 3336 945 3377 unum
967 3314 1122 3395 praebuit,
1146 3336 1165 3376 a
1186 3336 1244 3394 po-

132 3416 322 3480 sterioribus
352 3416 511 3479 annalium
538 3416 746 3496 scriptoribus
773 3417 907 3479 alterum
930 3417 1038 3478 datum
1061 3418 1119 3489 est,
1142 3436 1245 3477 nonne

133 3539 193 3600 pro
228 3522 314 3580 certo
348 3538 508 3580 assumere
541 3538 718 3598 possumus,
742 3515 936 3592 Ciceronem,
960 3515 1095 3591 Liuium,
1119 3514 1245 3578 Plutar-

135 3619 231 3682 chum
253 3618 343 3680 illum
365 3621 490 3681 secutos
514 3621 603 3680 esse?
636 3617 721 3680 Nam
743 3618 863 3694 Liuius,
886 3617 913 3679 si
935 3618 968 3679 in
990 3621 1079 3679 tanta
1101 3637 1134 3677 re
1156 3614 1248 3678 Fabii

135 3720 359 3783 auctoritatem
392 3718 592 3794 deseruisset,
617 3741 711 3799 quem
734 3719 848 3781 ceteris
872 3717 1017 3780 omnibus
1040 3715 1248 3796 scriptoribus

133 3825 295 3885 uetustate
319 3822 440 3884 anteire
462 3821 634 3902 praedicat,
658 3820 718 3883 nisi
740 3820 832 3882 ualde
856 3818 1005 3896 fallimur,
1022 3817 1247 3895 adnotauisset,

133 3921 225 3985 illum
248 3921 366 4002 dispari
390 3922 547 3984 sententia
569 3921 699 3984 fuisset

244 4073 250 4102 ¹
271 4078 315 4123 Cfr
340 4078 442 4122 Rubino
461 4077 477 4121 l.
498 4077 513 4123 l.
533 4091 557 4135 p.
582 4079 636 4122 185.
657 4077 715 4122 adn.
736 4078 758 4121 1.

240 4157 249 4186 ²
268 4163 301 4209 Ut
324 4163 451 4222 scriptum
476 4167 517 4207 est
536 4163 605 4219 apud
624 4173 684 4207 eum
703 4161 715 4206 I
734 4164 778 4208 44:
799 4163 870 4206 milia
889 4160 992 4205 LXXX
1009 4175 1034 4204 eo
1053 4161 1248 4204 lactrocinium

136 4262 211 4294 censa
229 4249 364 4303 diecentum·
383 4248 462 4292 adicit
481 4251 637 4304 scriptorum
656 4248 852 4305 antiquissimus
872 4245 969 4291 Fabius
989 4246 1074 4289 Pictor·
1093 4257 1186 4299 eornm,
1205 4245 1249 4302 qai

136 4347 212 4378 armo
229 4333 298 4388 ferre
314 4337 425 4389 possent,
443 4345 497 4376 eum
517 4345 649 4377 normarum
667 4333 756 4386 fuisse.
792 4330 836 4375 Clr
855 4329 880 4374 II
899 4332 938 4374 40.
