<?xml version="1.0" encoding="UTF-8"?>
<!DOCTYPE html PUBLIC "-//W3C//DTD XHTML 1.0 Transitional//EN"
    "http://www.w3.org/TR/xhtml1/DTD/xhtml1-transitional.dtd">
<html xmlns="http://www.w3.org/1999/xhtml" xml:lang="en" lang="en">
 <head>
  <title>
</title>
<meta http-equiv="Content-Type" content="text/html;charset=utf-8" />
  <meta name='ocr-system' content='tesseract 3.04.00' />
  <meta name='ocr-capabilities' content='ocr_page ocr_carea ocr_par ocr_line ocrx_word'/>
</head>
<body>
  <div class='ocr_page' id='page_1' title='image "./deoriginegentiu00staagoog_0064.png"; bbox 0 0 3004 5066; ppageno 0'>
   <div class='ocr_carea' id='block_1_1' title="bbox 871 411 968 462">
    <p class='ocr_par' dir='ltr' id='par_1_1' title="bbox 812 411 968 462">
     <span class='ocr_line' id='line_1_1' title="bbox 871 411 968 462; baseline 0 -16"><span class='ocrx_word' id='word_1_1' title='bbox 871 411 908 462; x_wconf 68' lang='lat' dir='ltr'>‚qg</span> <span class='ocrx_word' id='word_1_2' title='bbox 939 441 968 446; x_wconf 91' lang='lat'>.-</span> 
     </span>
    </p>
   </div>
   <div class='ocr_carea' id='block_1_2' title="bbox 313 571 1469 3971">
    <p class='ocr_par' dir='ltr' id='par_1_2' title="bbox 313 571 1445 2170">
     <span class='ocr_line' id='line_1_2' title="bbox 331 571 1444 655; baseline -0.003 -18"><span class='ocrx_word' id='word_1_3' title='bbox 331 596 455 638; x_wconf 90' lang='lat' dir='ltr'>mecum</span> <span class='ocrx_word' id='word_1_4' title='bbox 485 579 607 654; x_wconf 77' lang='lat' dir='ltr'>reputo,</span> <span class='ocrx_word' id='word_1_5' title='bbox 640 594 720 653; x_wconf 89' lang='lat' dir='ltr'>quae</span> <span class='ocrx_word' id='word_1_6' title='bbox 752 573 783 634; x_wconf 92' lang='lat' dir='ltr'>in</span> <span class='ocrx_word' id='word_1_7' title='bbox 816 573 926 637; x_wconf 89' lang='lat' dir='ltr'>eodem</span> <span class='ocrx_word' id='word_1_8' title='bbox 958 572 1039 636; x_wconf 92' lang='lat' dir='ltr'>libro</span> <span class='ocrx_word' id='word_1_9' title='bbox 1071 573 1189 655; x_wconf 89' lang='lat' dir='ltr'>scripta</span> <span class='ocrx_word' id='word_1_10' title='bbox 1220 577 1305 636; x_wconf 88' lang='lat' dir='ltr'>sunt:</span> <span class='ocrx_word' id='word_1_11' title='bbox 1341 571 1444 636; x_wconf 82' lang='lat' dir='ltr'>“Dem</span> 
     </span>
     <span class='ocr_line' id='line_1_3' title="bbox 332 673 1444 756; baseline -0.003 -17"><span class='ocrx_word' id='word_1_12' title='bbox 332 674 523 739; x_wconf 85' lang='lat' dir='ltr'>Geschlecht</span> <span class='ocrx_word' id='word_1_13' title='bbox 555 674 636 738; x_wconf 82' lang='lat' dir='ltr'><strong>fehlt</strong></span> <span class='ocrx_word' id='word_1_14' title='bbox 669 675 718 737; x_wconf 91' lang='lat' dir='ltr'>die</span> <span class='ocrx_word' id='word_1_15' title='bbox 753 673 1134 756; x_wconf 77' lang='lat' dir='ltr'>Handlungsfahigkeit“;</span> <span class='ocrx_word' id='word_1_16' title='bbox 1169 677 1202 737; x_wconf 90' lang='lat' dir='ltr'>et</span> <span class='ocrx_word' id='word_1_17' title='bbox 1235 695 1314 753; x_wconf 87' lang='lat' dir='ltr'>quae</span> <span class='ocrx_word' id='word_1_18' title='bbox 1346 673 1444 756; x_wconf 88' lang='lat' dir='ltr'>paulo</span> 
     </span>
     <span class='ocr_line' id='line_1_4' title="bbox 331 773 1443 857; baseline -0.003 -19"><span class='ocrx_word' id='word_1_19' title='bbox 331 776 414 839; x_wconf 86' lang='lat' dir='ltr'>infra</span> <span class='ocrx_word' id='word_1_20' title='bbox 444 780 626 840; x_wconf 88' lang='lat' dir='ltr'>occurrunt:</span> <span class='ocrx_word' id='word_1_21' title='bbox 663 774 741 838; x_wconf 83' lang='lat' dir='ltr'>“Die</span> <span class='ocrx_word' id='word_1_22' title='bbox 765 773 999 857; x_wconf 76' lang='lat' dir='ltr'>Rechtssphare</span> <span class='ocrx_word' id='word_1_23' title='bbox 1022 775 1076 838; x_wconf 90' lang='lat' dir='ltr'>des</span> <span class='ocrx_word' id='word_1_24' title='bbox 1100 774 1307 838; x_wconf 86' lang='lat' dir='ltr'>Geschlechts</span> <span class='ocrx_word' id='word_1_25' title='bbox 1330 775 1374 838; x_wconf 86' lang='lat' dir='ltr'>ist</span> <span class='ocrx_word' id='word_1_26' title='bbox 1396 775 1443 837; x_wconf 88' lang='lat' dir='ltr'>die</span> 
     </span>
     <span class='ocr_line' id='line_1_5' title="bbox 330 875 1445 959; baseline -0.004 -19"><span class='ocrx_word' id='word_1_27' title='bbox 330 877 470 959; x_wconf 63' lang='lat' dir='ltr'>private‘⁵</span> <span class='ocrx_word' id='word_1_28' title='bbox 487 877 506 940; x_wconf 90' lang='lat'>¹.</span> <span class='ocrx_word' id='word_1_29' title='bbox 551 875 657 957; x_wconf 79' lang='lat' dir='ltr'>Atque</span> <span class='ocrx_word' id='word_1_30' title='bbox 687 875 869 956; x_wconf 75' lang='lat' dir='ltr'><strong>priusquam</strong></span> <span class='ocrx_word' id='word_1_31' title='bbox 900 877 1000 956; x_wconf 83' lang='lat' dir='ltr'>ipsam</span> <span class='ocrx_word' id='word_1_32' title='bbox 1022 897 1088 938; x_wconf 91' lang='lat' dir='ltr'>rern</span> <span class='ocrx_word' id='word_1_33' title='bbox 1112 876 1292 957; x_wconf 83' lang='lat' dir='ltr'>aggredior,</span> <span class='ocrx_word' id='word_1_34' title='bbox 1320 877 1360 939; x_wconf 91' lang='lat' dir='ltr'>de</span> <span class='ocrx_word' id='word_1_35' title='bbox 1384 898 1445 956; x_wconf 91' lang='lat' dir='ltr'>qua</span> 
     </span>
     <span class='ocr_line' id='line_1_6' title="bbox 331 975 1441 1060; baseline -0.002 -20"><span class='ocrx_word' id='word_1_36' title='bbox 331 977 408 1041; x_wconf 91' lang='lat' dir='ltr'>mihi</span> <span class='ocrx_word' id='word_1_37' title='bbox 436 979 592 1060; x_wconf 88' lang='lat' dir='ltr'>agendum</span> <span class='ocrx_word' id='word_1_38' title='bbox 620 981 677 1052; x_wconf 76' lang='lat' dir='ltr'>est,</span> <span class='ocrx_word' id='word_1_39' title='bbox 705 977 800 1040; x_wconf 86' lang='lat' dir='ltr'>liceat</span> <span class='ocrx_word' id='word_1_40' title='bbox 826 975 908 1040; x_wconf 86' lang='lat' dir='ltr'>hane</span> <span class='ocrx_word' id='word_1_41' title='bbox 936 977 1294 1040; x_wconf 86' lang='lat' dir='ltr'>animaduersiunculam</span> <span class='ocrx_word' id='word_1_42' title='bbox 1315 977 1441 1040; x_wconf 78' lang='lat' dir='ltr'>addere:</span> 
     </span>
     <span class='ocr_line' id='line_1_7' title="bbox 330 1077 1442 1159; baseline -0.001 -17"><span class='ocrx_word' id='word_1_43' title='bbox 330 1078 404 1143; x_wconf 87' lang='lat' dir='ltr'>Non</span> <span class='ocrx_word' id='word_1_44' title='bbox 437 1102 508 1142; x_wconf 87' lang='lat' dir='ltr'>raro</span> <span class='ocrx_word' id='word_1_45' title='bbox 540 1079 622 1159; x_wconf 91' lang='lat' dir='ltr'>apud</span> <span class='ocrx_word' id='word_1_46' title='bbox 654 1077 885 1141; x_wconf 89' lang='lat' dir='ltr'>Mommsenum</span> <span class='ocrx_word' id='word_1_47' title='bbox 913 1077 1066 1159; x_wconf 90' lang='lat' dir='ltr'>scriptum</span> <span class='ocrx_word' id='word_1_48' title='bbox 1089 1078 1231 1141; x_wconf 90' lang='lat' dir='ltr'>uidemus</span> <span class='ocrx_word' id='word_1_49' title='bbox 1258 1078 1442 1158; x_wconf 70' lang='lat' dir='ltr'>“gentiles‘,</span> 
     </span>
     <span class='ocr_line' id='line_1_8' title="bbox 334 1179 1441 1262; baseline -0.001 -19"><span class='ocrx_word' id='word_1_50' title='bbox 334 1180 401 1243; x_wconf 77' lang='lat' dir='ltr'>“die</span> <span class='ocrx_word' id='word_1_51' title='bbox 440 1179 618 1257; x_wconf 84' lang='lat' dir='ltr'>Gentilen“‚</span> <span class='ocrx_word' id='word_1_52' title='bbox 656 1179 724 1244; x_wconf 83' lang='lat' dir='ltr'>“die</span> <span class='ocrx_word' id='word_1_53' title='bbox 759 1179 1155 1262; x_wconf 65' lang='lat' dir='ltr'>Geschlechtsgenosseffl,</span> <span class='ocrx_word' id='word_1_54' title='bbox 1190 1201 1263 1243; x_wconf 90' lang='lat' dir='ltr'>cum</span> <span class='ocrx_word' id='word_1_55' title='bbox 1298 1181 1336 1243; x_wconf 91' lang='lat' dir='ltr'>de</span> <span class='ocrx_word' id='word_1_56' title='bbox 1374 1181 1441 1242; x_wconf 90' lang='lat' dir='ltr'>uni-</span> 
     </span>
     <span class='ocr_line' id='line_1_9' title="bbox 331 1279 1442 1362; baseline -0.002 -18"><span class='ocrx_word' id='word_1_57' title='bbox 331 1283 431 1344; x_wconf 89' lang='lat' dir='ltr'>uersis</span> <span class='ocrx_word' id='word_1_58' title='bbox 455 1282 577 1344; x_wconf 87' lang='lat' dir='ltr'>ciuibus</span> <span class='ocrx_word' id='word_1_59' title='bbox 599 1281 750 1361; x_wconf 77' lang='lat' dir='ltr'>loquitur,</span> <span class='ocrx_word' id='word_1_60' title='bbox 774 1303 837 1361; x_wconf 88' lang='lat' dir='ltr'>qua</span> <span class='ocrx_word' id='word_1_61' title='bbox 859 1280 1071 1362; x_wconf 81' lang='lat' dir='ltr'>appellatione</span> <span class='ocrx_word' id='word_1_62' title='bbox 1093 1281 1268 1362; x_wconf 79' lang='lat' dir='ltr'>significari</span> <span class='ocrx_word' id='word_1_63' title='bbox 1290 1279 1361 1344; x_wconf 89' lang='lat' dir='ltr'>uult</span> <span class='ocrx_word' id='word_1_64' title='bbox 1382 1302 1442 1355; x_wconf 81' lang='lat' dir='ltr'>coe,</span> 
     </span>
     <span class='ocr_line' id='line_1_10' title="bbox 332 1381 1441 1464; baseline 0 -20"><span class='ocrx_word' id='word_1_65' title='bbox 332 1383 385 1462; x_wconf 92' lang='lat' dir='ltr'>qui</span> <span class='ocrx_word' id='word_1_66' title='bbox 417 1383 545 1445; x_wconf 90' lang='lat' dir='ltr'>omnino</span> <span class='ocrx_word' id='word_1_67' title='bbox 580 1382 768 1464; x_wconf 71' lang='lat' dir='ltr'>gentilitatis</span> <span class='ocrx_word' id='word_1_68' title='bbox 792 1382 860 1445; x_wconf 88' lang='lat' dir='ltr'>iura</span> <span class='ocrx_word' id='word_1_69' title='bbox 882 1381 1061 1446; x_wconf 87' lang='lat' dir='ltr'>habuerint.</span> <span class='ocrx_word' id='word_1_70' title='bbox 1106 1381 1167 1446; x_wconf 84' lang='lat' dir='ltr'>Sed</span> <span class='ocrx_word' id='word_1_71' title='bbox 1190 1383 1279 1463; x_wconf 91' lang='lat' dir='ltr'>apud·</span> <span class='ocrx_word' id='word_1_72' title='bbox 1297 1382 1441 1462; x_wconf 89' lang='lat' dir='ltr'>antiquos</span> 
     </span>
     <span class='ocr_line' id='line_1_11' title="bbox 329 1483 1439 1564; baseline 0 -19"><span class='ocrx_word' id='word_1_73' title='bbox 329 1483 362 1545; x_wconf 92' lang='lat' dir='ltr'>id</span> <span class='ocrx_word' id='word_1_74' title='bbox 386 1483 575 1547; x_wconf 91' lang='lat' dir='ltr'>uocabulum</span> <span class='ocrx_word' id='word_1_75' title='bbox 598 1505 752 1563; x_wconf 86' lang='lat' dir='ltr'>nusquam</span> <span class='ocrx_word' id='word_1_76' title='bbox 778 1519 815 1526; x_wconf 88' lang='lat'>-</span> <span class='ocrx_word' id='word_1_77' title='bbox 840 1484 952 1564; x_wconf 90' lang='lat' dir='ltr'>opinor</span> <span class='ocrx_word' id='word_1_78' title='bbox 977 1519 1014 1528; x_wconf 88' lang='lat'><em>-</em></span> <span class='ocrx_word' id='word_1_79' title='bbox 1038 1483 1092 1547; x_wconf 93' lang='lat' dir='ltr'>illo</span> <span class='ocrx_word' id='word_1_80' title='bbox 1116 1505 1209 1546; x_wconf 89' lang='lat' dir='ltr'>sensu</span> <span class='ocrx_word' id='word_1_81' title='bbox 1224 1484 1367 1564; x_wconf 88' lang='lat' dir='ltr'>positum</span> <span class='ocrx_word' id='word_1_82' title='bbox 1383 1487 1439 1556; x_wconf 90' lang='lat' dir='ltr'>est;</span> 
     </span>
     <span class='ocr_line' id='line_1_12' title="bbox 332 1583 1439 1667; baseline 0 -21"><span class='ocrx_word' id='word_1_83' title='bbox 332 1584 414 1664; x_wconf 91' lang='lat' dir='ltr'>apud</span> <span class='ocrx_word' id='word_1_84' title='bbox 443 1606 497 1648; x_wconf 89' lang='lat' dir='ltr'>eos</span> <span class='ocrx_word' id='word_1_85' title='bbox 524 1586 659 1667; x_wconf 69' lang='lat' dir='ltr'>perdilas</span> <span class='ocrx_word' id='word_1_86' title='bbox 682 1584 838 1660; x_wconf 83' lang='lat' dir='ltr'>dicuntur,</span> <span class='ocrx_word' id='word_1_87' title='bbox 862 1585 915 1664; x_wconf 92' lang='lat' dir='ltr'>qui</span> <span class='ocrx_word' id='word_1_88' title='bbox 938 1585 1021 1646; x_wconf 90' lang='lat' dir='ltr'>inter</span> <span class='ocrx_word' id='word_1_89' title='bbox 1044 1606 1077 1648; x_wconf 89' lang='lat' dir='ltr'>se</span> <span class='ocrx_word' id='word_1_90' title='bbox 1101 1589 1155 1648; x_wconf 89' lang='lat' dir='ltr'>aut</span> <span class='ocrx_word' id='word_1_91' title='bbox 1178 1606 1249 1647; x_wconf 87' lang='lat' dir='ltr'>cum</span> <span class='ocrx_word' id='word_1_92' title='bbox 1273 1587 1362 1647; x_wconf 87' lang='lat' dir='ltr'>certo</span> <span class='ocrx_word' id='word_1_93' title='bbox 1385 1583 1439 1646; x_wconf 93' lang='lat' dir='ltr'>ho-</span> 
     </span>
     <span class='ocr_line' id='line_1_13' title="bbox 331 1683 1439 1766; baseline 0 -20"><span class='ocrx_word' id='word_1_94' title='bbox 331 1684 415 1747; x_wconf 91' lang='lat' dir='ltr'>mine</span> <span class='ocrx_word' id='word_1_95' title='bbox 445 1685 634 1766; x_wconf 82' lang='lat' dir='ltr'>gentilitatis</span> <span class='ocrx_word' id='word_1_96' title='bbox 665 1684 792 1748; x_wconf 91' lang='lat' dir='ltr'>uinculo</span> <span class='ocrx_word' id='word_1_97' title='bbox 824 1685 985 1748; x_wconf 88' lang='lat' dir='ltr'>coniuncti</span> <span class='ocrx_word' id='word_1_98' title='bbox 1015 1685 1086 1748; x_wconf 90' lang='lat' dir='ltr'>sint.</span> <span class='ocrx_word' id='word_1_99' title='bbox 1140 1683 1313 1748; x_wconf 81' lang='lat' dir='ltr'>“Gentilis“</span> <span class='ocrx_word' id='word_1_100' title='bbox 1346 1685 1439 1766; x_wconf 88' lang='lat' dir='ltr'>igitur</span> 
     </span>
     <span class='ocr_line' id='line_1_14' title="bbox 331 1785 1438 1866; baseline 0 -18"><span class='ocrx_word' id='word_1_101' title='bbox 331 1786 379 1865; x_wconf 87' lang='lat' dir='ltr'>(ut</span> <span class='ocrx_word' id='word_1_102' title='bbox 405 1785 579 1862; x_wconf 83' lang='lat' dir='ltr'>“tribulis“,</span> <span class='ocrx_word' id='word_1_103' title='bbox 606 1785 783 1862; x_wconf 78' lang='lat' dir='ltr'>“curialis“‚</span> <span class='ocrx_word' id='word_1_104' title='bbox 807 1785 881 1865; x_wconf 87' lang='lat' dir='ltr'>alia)</span> <span class='ocrx_word' id='word_1_105' title='bbox 904 1786 1037 1849; x_wconf 90' lang='lat' dir='ltr'>uerbum</span> <span class='ocrx_word' id='word_1_106' title='bbox 1062 1789 1110 1848; x_wconf 90' lang='lat' dir='ltr'>est</span> <span class='ocrx_word' id='word_1_107' title='bbox 1132 1788 1206 1866; x_wconf 79' lang='grc' dir='ltr'>πρὸς</span> <span class='ocrx_word' id='word_1_108' title='bbox 1229 1788 1265 1859; x_wconf 82' lang='lat' dir='ltr'>rt,</span> <span class='ocrx_word' id='word_1_109' title='bbox 1290 1786 1438 1848; x_wconf 90' lang='lat' dir='ltr'>eiusmodi</span> 
     </span>
     <span class='ocr_line' id='line_1_15' title="bbox 313 1878 1436 1968; baseline -0.002 -18"><span class='ocrx_word' id='word_1_110' title='bbox 313 1878 473 1964; x_wconf 77' lang='lat' dir='ltr'>uerbum,</span> <span class='ocrx_word' id='word_1_111' title='bbox 497 1910 568 1967; x_wconf 73' lang='lat' dir='ltr'>¹quo</span> <span class='ocrx_word' id='word_1_112' title='bbox 591 1891 729 1962; x_wconf 82' lang='lat' dir='ltr'>notetur,</span> <span class='ocrx_word' id='word_1_113' title='bbox 753 1909 833 1966; x_wconf 90' lang='lat' dir='ltr'>quae</span> <span class='ocrx_word' id='word_1_114' title='bbox 857 1888 938 1950; x_wconf 89' lang='lat' dir='ltr'>ratio</span> <span class='ocrx_word' id='word_1_115' title='bbox 962 1887 1045 1950; x_wconf 92' lang='lat' dir='ltr'>inter</span> <span class='ocrx_word' id='word_1_116' title='bbox 1068 1887 1143 1950; x_wconf 92' lang='lat' dir='ltr'>duas</span> <span class='ocrx_word' id='word_1_117' title='bbox 1166 1887 1218 1949; x_wconf 94' lang='lat' dir='ltr'>uel</span> <span class='ocrx_word' id='word_1_118' title='bbox 1240 1885 1347 1967; x_wconf 77' lang='lat' dir='ltr'>plures</span> <span class='ocrx_word' id='word_1_119' title='bbox 1369 1908 1436 1968; x_wconf 90' lang='lat' dir='ltr'>per-</span> 
     </span>
     <span class='ocr_line' id='line_1_16' title="bbox 331 1987 1435 2069; baseline -0.001 -18"><span class='ocrx_word' id='word_1_120' title='bbox 331 2010 424 2052; x_wconf 87' lang='lat' dir='ltr'>sonas</span> <span class='ocrx_word' id='word_1_121' title='bbox 447 1989 632 2052; x_wconf 87' lang='lat' dir='ltr'>intercedat.</span> <span class='ocrx_word' id='word_1_122' title='bbox 677 1987 790 2069; x_wconf 90' lang='lat' dir='ltr'>Neque</span> <span class='ocrx_word' id='word_1_123' title='bbox 807 1988 906 2050; x_wconf 88' lang='lat' dir='ltr'>aliter</span> <span class='ocrx_word' id='word_1_124' title='bbox 928 1993 1098 2068; x_wconf 90' lang='lat' dir='ltr'>usurpatur</span> <span class='ocrx_word' id='word_1_125' title='bbox 1120 1987 1199 2051; x_wconf 87' lang='lat' dir='ltr'>haec</span> <span class='ocrx_word' id='word_1_126' title='bbox 1221 2010 1295 2064; x_wconf 84' lang='lat' dir='ltr'>uox,</span> <span class='ocrx_word' id='word_1_127' title='bbox 1314 1988 1369 2050; x_wconf 89' lang='lat' dir='ltr'>ubi</span> <span class='ocrx_word' id='word_1_128' title='bbox 1384 2009 1435 2050; x_wconf 90' lang='lat' dir='ltr'>no·</span> 
     </span>
     <span class='ocr_line' id='line_1_17' title="bbox 330 2089 1283 2170; baseline 0.001 -19"><span class='ocrx_word' id='word_1_129' title='bbox 330 2090 375 2152; x_wconf 92' lang='lat' dir='ltr'>tio</span> <span class='ocrx_word' id='word_1_130' title='bbox 400 2091 466 2154; x_wconf 89' lang='lat' dir='ltr'>eius</span> <span class='ocrx_word' id='word_1_131' title='bbox 490 2112 570 2170; x_wconf 90' lang='lat' dir='ltr'>quae</span> <span class='ocrx_word' id='word_1_132' title='bbox 594 2091 644 2166; x_wconf 82' lang='lat' dir='ltr'>sit,</span> <span class='ocrx_word' id='word_1_133' title='bbox 669 2089 870 2154; x_wconf 84' lang='lat' dir='ltr'>auctoribus</span> <span class='ocrx_word' id='word_1_134' title='bbox 894 2089 1102 2170; x_wconf 81' lang='lat' dir='ltr'>scriptoribus</span> <span class='ocrx_word' id='word_1_135' title='bbox 1126 2089 1283 2153; x_wconf 88' lang='lat' dir='ltr'>definitur.</span> 
     </span>
    </p>

    <p class='ocr_par' dir='ltr' id='par_1_3' title="bbox 330 2190 1469 3971">
     <span class='ocr_line' id='line_1_18' title="bbox 432 2190 1439 2271; baseline -0.002 -17"><span class='ocrx_word' id='word_1_136' title='bbox 432 2191 490 2268; x_wconf 82' lang='lat' dir='ltr'>Ea,</span> <span class='ocrx_word' id='word_1_137' title='bbox 514 2214 593 2271; x_wconf 91' lang='lat' dir='ltr'>quae</span> <span class='ocrx_word' id='word_1_138' title='bbox 617 2192 654 2253; x_wconf 91' lang='lat' dir='ltr'>de</span> <span class='ocrx_word' id='word_1_139' title='bbox 678 2191 825 2271; x_wconf 87' lang='lat' dir='ltr'>gentibus</span> <span class='ocrx_word' id='word_1_140' title='bbox 848 2192 986 2254; x_wconf 91' lang='lat' dir='ltr'>romanis</span> <span class='ocrx_word' id='word_1_141' title='bbox 1003 2191 1095 2254; x_wconf 87' lang='lat' dir='ltr'>docet</span> <span class='ocrx_word' id='word_1_142' title='bbox 1110 2190 1298 2267; x_wconf 81' lang='lat' dir='ltr'>Mommsen,</span> <span class='ocrx_word' id='word_1_143' title='bbox 1315 2213 1377 2253; x_wconf 88' lang='lat' dir='ltr'>non</span> <span class='ocrx_word' id='word_1_144' title='bbox 1396 2191 1439 2263; x_wconf 59' lang='lat' dir='ltr'>ita,</span> 
     </span>
     <span class='ocr_line' id='line_1_19' title="bbox 331 2291 1469 2372; baseline 0.001 -19"><span class='ocrx_word' id='word_1_145' title='bbox 331 2291 464 2354; x_wconf 89' lang='lat' dir='ltr'>multum</span> <span class='ocrx_word' id='word_1_146' title='bbox 496 2292 613 2372; x_wconf 87' lang='lat' dir='ltr'>sparsis</span> <span class='ocrx_word' id='word_1_147' title='bbox 646 2291 735 2368; x_wconf 68' lang='lat' dir='ltr'>locis</span> <span class='ocrx_word' id='word_1_148' title='bbox 768 2314 806 2354; x_wconf 86' lang='lat' dir='ltr'>ex</span> <span class='ocrx_word' id='word_1_149' title='bbox 834 2292 1032 2371; x_wconf 84' lang='lat' dir='ltr'>antiquitatis</span> <span class='ocrx_word' id='word_1_150' title='bbox 1055 2291 1266 2355; x_wconf 87' lang='lat' dir='ltr'>monumentis</span> <span class='ocrx_word' id='word_1_151' title='bbox 1290 2291 1433 2367; x_wconf 77' lang='lat' dir='ltr'>collectis,</span> <span class='ocrx_word' id='word_1_152' title='bbox 1467 2327 1469 2330; x_wconf 95' lang='lat'>·</span> 
     </span>
     <span class='ocr_line' id='line_1_20' title="bbox 332 2391 1431 2472; baseline 0 -18"><span class='ocrx_word' id='word_1_153' title='bbox 332 2391 513 2454; x_wconf 88' lang='lat' dir='ltr'>confirmari</span> <span class='ocrx_word' id='word_1_154' title='bbox 545 2391 694 2468; x_wconf 82' lang='lat' dir='ltr'>declarat,</span> <span class='ocrx_word' id='word_1_155' title='bbox 718 2396 871 2471; x_wconf 90' lang='lat' dir='ltr'>quantum</span> <span class='ocrx_word' id='word_1_156' title='bbox 893 2391 1079 2467; x_wconf 81' lang='lat' dir='ltr'>rationibus,</span> <span class='ocrx_word' id='word_1_157' title='bbox 1103 2413 1140 2454; x_wconf 85' lang='lat' dir='ltr'>ex</span> <span class='ocrx_word' id='word_1_158' title='bbox 1163 2392 1377 2472; x_wconf 85' lang='lat' dir='ltr'>penetralibus</span> <span class='ocrx_word' id='word_1_159' title='bbox 1400 2430 1431 2437; x_wconf 97' lang='lat'>—</span> 
     </span>
     <span class='ocr_line' id='line_1_21' title="bbox 331 2493 1432 2574; baseline 0 -19"><span class='ocrx_word' id='word_1_160' title='bbox 331 2497 365 2555; x_wconf 90' lang='lat' dir='ltr'>ut</span> <span class='ocrx_word' id='word_1_161' title='bbox 393 2493 438 2556; x_wconf 91' lang='lat' dir='ltr'>ita</span> <span class='ocrx_word' id='word_1_162' title='bbox 461 2493 564 2556; x_wconf 88' lang='lat' dir='ltr'>dicam</span> <span class='ocrx_word' id='word_1_163' title='bbox 587 2531 625 2540; x_wconf 89' lang='lat'>-</span> <span class='ocrx_word' id='word_1_164' title='bbox 649 2493 726 2555; x_wconf 91' lang='lat' dir='ltr'>iuris</span> <span class='ocrx_word' id='word_1_165' title='bbox 750 2493 869 2574; x_wconf 91' lang='lat' dir='ltr'>publici</span> <span class='ocrx_word' id='word_1_166' title='bbox 891 2494 1031 2556; x_wconf 90' lang='lat' dir='ltr'>romanis</span> <span class='ocrx_word' id='word_1_167' title='bbox 1054 2494 1264 2574; x_wconf 66' lang='lat' dir='ltr'>depromptis;¹</span> <span class='ocrx_word' id='word_1_168' title='bbox 1288 2497 1322 2556; x_wconf 88' lang='lat' dir='ltr'>ut</span> <span class='ocrx_word' id='word_1_169' title='bbox 1343 2493 1432 2557; x_wconf 86' lang='lat' dir='ltr'>uerba</span> 
     </span>
     <span class='ocr_line' id='line_1_22' title="bbox 332 2593 1431 2674; baseline 0 -18"><span class='ocrx_word' id='word_1_170' title='bbox 332 2594 398 2657; x_wconf 91' lang='lat' dir='ltr'>eius</span> <span class='ocrx_word' id='word_1_171' title='bbox 430 2595 575 2658; x_wconf 87' lang='lat' dir='ltr'>afferam:</span> <span class='ocrx_word' id='word_1_172' title='bbox 611 2594 728 2657; x_wconf 77' lang='lat' dir='ltr'>“durch</span> <span class='ocrx_word' id='word_1_173' title='bbox 760 2595 819 2658; x_wconf 90' lang='lat' dir='ltr'>den</span> <span class='ocrx_word' id='word_1_174' title='bbox 851 2594 1257 2674; x_wconf 79' lang='lat' dir='ltr'>Rechtszusammenhang“</span> <span class='ocrx_word' id='word_1_175' title='bbox 1273 2595 1294 2657; x_wconf 71' lang='lat'>².</span> <span class='ocrx_word' id='word_1_176' title='bbox 1346 2593 1431 2656; x_wconf 88' lang='lat' dir='ltr'>Putat</span> 
     </span>
     <span class='ocr_line' id='line_1_23' title="bbox 332 2679 1429 2778; baseline -0.003 -18"><span class='ocrx_word' id='word_1_177' title='bbox 332 2735 368 2742; x_wconf 85' lang='lat'><em>—</em></span> <span class='ocrx_word' id='word_1_178' title='bbox 394 2697 508 2778; x_wconf 89' lang='lat' dir='ltr'>opinor</span> <span class='ocrx_word' id='word_1_179' title='bbox 530 2733 570 2740; x_wconf 92' lang='lat'><em>-</em></span> <span class='ocrx_word' id='word_1_180' title='bbox 593 2696 676 2759; x_wconf 89' lang='lat' dir='ltr'>inter</span> <span class='ocrx_word' id='word_1_181' title='bbox 706 2697 847 2760; x_wconf 88' lang='lat' dir='ltr'>diuersas</span> <span class='ocrx_word' id='word_1_182' title='bbox 877 2679 985 2777; x_wconf 76' lang='lat' dir='ltr'>partes</span> <span class='ocrx_word' id='word_1_183' title='bbox 1016 2697 1100 2760; x_wconf 93' lang='lat' dir='ltr'>illius</span> <span class='ocrx_word' id='word_1_184' title='bbox 1122 2696 1199 2758; x_wconf 90' lang='lat' dir='ltr'>iuris</span> <span class='ocrx_word' id='word_1_185' title='bbox 1223 2696 1341 2758; x_wconf 91' lang='lat' dir='ltr'>nullam</span> <span class='ocrx_word' id='word_1_186' title='bbox 1363 2717 1429 2758; x_wconf 89' lang='lat' dir='ltr'>con·</span> 
     </span>
     <span class='ocr_line' id='line_1_24' title="bbox 330 2797 1429 2879; baseline -0.003 -19"><span class='ocrx_word' id='word_1_187' title='bbox 330 2797 522 2860; x_wconf 88' lang='lat' dir='ltr'>iunctionem</span> <span class='ocrx_word' id='word_1_188' title='bbox 555 2803 587 2860; x_wconf 93' lang='lat' dir='ltr'>et</span> <span class='ocrx_word' id='word_1_189' title='bbox 618 2799 870 2861; x_wconf 90' lang='lat' dir='ltr'>conuenientiam</span> <span class='ocrx_word' id='word_1_190' title='bbox 903 2820 971 2861; x_wconf 89' lang='lat' dir='ltr'>esse</span> <span class='ocrx_word' id='word_1_191' title='bbox 1002 2820 1105 2879; x_wconf 80' lang='lat' dir='ltr'>posse,</span> <span class='ocrx_word' id='word_1_192' title='bbox 1137 2798 1198 2860; x_wconf 90' lang='lat' dir='ltr'>nisi</span> <span class='ocrx_word' id='word_1_193' title='bbox 1227 2803 1336 2878; x_wconf 83' lang='lat' dir='ltr'>gentes</span> <span class='ocrx_word' id='word_1_194' title='bbox 1357 2798 1429 2858; x_wconf 89' lang='lat' dir='ltr'>inter</span> 
     </span>
     <span class='ocr_line' id='line_1_25' title="bbox 330 2897 1427 2981; baseline -0.004 -19"><span class='ocrx_word' id='word_1_195' title='bbox 330 2900 465 2981; x_wconf 89' lang='lat' dir='ltr'>patricia</span> <span class='ocrx_word' id='word_1_196' title='bbox 495 2901 642 2963; x_wconf 88' lang='lat' dir='ltr'>instituta</span> <span class='ocrx_word' id='word_1_197' title='bbox 669 2901 948 2964; x_wconf 89' lang='lat' dir='ltr'>numerauerimus.</span> <span class='ocrx_word' id='word_1_198' title='bbox 993 2899 1104 2963; x_wconf 91' lang='lat' dir='ltr'>Nihilo</span> <span class='ocrx_word' id='word_1_199' title='bbox 1131 2899 1244 2975; x_wconf 78' lang='lat' dir='ltr'>minus,</span> <span class='ocrx_word' id='word_1_200' title='bbox 1269 2899 1342 2978; x_wconf 92' lang='lat' dir='ltr'>quid</span> <span class='ocrx_word' id='word_1_201' title='bbox 1362 2897 1427 2960; x_wconf 90' lang='lat' dir='ltr'>iuris</span> 
     </span>
     <span class='ocr_line' id='line_1_26' title="bbox 331 3000 1427 3082; baseline -0.003 -19"><span class='ocrx_word' id='word_1_202' title='bbox 331 3000 438 3064; x_wconf 89' lang='lat' dir='ltr'>debita</span> <span class='ocrx_word' id='word_1_203' title='bbox 469 3002 551 3064; x_wconf 90' lang='lat' dir='ltr'>ratio</span> <span class='ocrx_word' id='word_1_204' title='bbox 581 3001 731 3082; x_wconf 83' lang='lat' dir='ltr'>postulet,</span> <span class='ocrx_word' id='word_1_205' title='bbox 763 3001 814 3064; x_wconf 90' lang='lat' dir='ltr'>hic</span> <span class='ocrx_word' id='word_1_206' title='bbox 846 3002 991 3065; x_wconf 90' lang='lat' dir='ltr'>omittam</span> <span class='ocrx_word' id='word_1_207' title='bbox 1021 3009 1052 3064; x_wconf 91' lang='lat' dir='ltr'>et</span> <span class='ocrx_word' id='word_1_208' title='bbox 1075 3005 1160 3064; x_wconf 90' lang='lat' dir='ltr'>totus</span> <span class='ocrx_word' id='word_1_209' title='bbox 1182 3001 1215 3062; x_wconf 93' lang='lat' dir='ltr'>in</span> <span class='ocrx_word' id='word_1_210' title='bbox 1238 3001 1277 3062; x_wconf 89' lang='lat' dir='ltr'>iis</span> <span class='ocrx_word' id='word_1_211' title='bbox 1299 3003 1427 3062; x_wconf 88' lang='lat' dir='ltr'>ueterum</span> 
     </span>
     <span class='ocr_line' id='line_1_27' title="bbox 331 3101 1425 3183; baseline -0.002 -20"><span class='ocrx_word' id='word_1_212' title='bbox 331 3101 521 3182; x_wconf 89' lang='lat' dir='ltr'>scriptorum</span> <span class='ocrx_word' id='word_1_213' title='bbox 552 3103 742 3165; x_wconf 86' lang='lat' dir='ltr'>testimoniis</span> <span class='ocrx_word' id='word_1_214' title='bbox 775 3103 937 3183; x_wconf 84' lang='lat' dir='ltr'>exigendis</span> <span class='ocrx_word' id='word_1_215' title='bbox 966 3125 1030 3179; x_wconf 86' lang='lat' dir='ltr'>ero,</span> <span class='ocrx_word' id='word_1_216' title='bbox 1054 3103 1167 3182; x_wconf 90' lang='lat' dir='ltr'>quibus</span> <span class='ocrx_word' id='word_1_217' title='bbox 1191 3102 1229 3164; x_wconf 90' lang='lat' dir='ltr'>de</span> <span class='ocrx_word' id='word_1_218' title='bbox 1253 3101 1311 3163; x_wconf 91' lang='lat' dir='ltr'>hac</span> <span class='ocrx_word' id='word_1_219' title='bbox 1332 3121 1363 3162; x_wconf 91' lang='lat' dir='ltr'>re</span> <span class='ocrx_word' id='word_1_220' title='bbox 1383 3121 1425 3162; x_wconf 89' lang='lat' dir='ltr'>sa-</span> 
     </span>
     <span class='ocr_line' id='line_1_28' title="bbox 330 3201 1424 3283; baseline 0 -21"><span class='ocrx_word' id='word_1_221' title='bbox 330 3201 503 3281; x_wconf 87' lang='lat' dir='ltr'>pientiores</span> <span class='ocrx_word' id='word_1_222' title='bbox 534 3203 603 3266; x_wconf 91' lang='lat' dir='ltr'>fieri</span> <span class='ocrx_word' id='word_1_223' title='bbox 634 3204 800 3282; x_wconf 76' lang='lat' dir='ltr'>possimus,</span> <span class='ocrx_word' id='word_1_224' title='bbox 845 3202 919 3266; x_wconf 90' lang='lat' dir='ltr'>Non</span> <span class='ocrx_word' id='word_1_225' title='bbox 951 3204 1035 3283; x_wconf 92' lang='lat' dir='ltr'>quod</span> <span class='ocrx_word' id='word_1_226' title='bbox 1066 3203 1142 3266; x_wconf 90' lang='lat' dir='ltr'>iuris</span> <span class='ocrx_word' id='word_1_227' title='bbox 1165 3202 1340 3265; x_wconf 89' lang='lat' dir='ltr'>doctrinam</span> <span class='ocrx_word' id='word_1_228' title='bbox 1362 3222 1424 3262; x_wconf 92' lang='lat' dir='ltr'>con·</span> 
     </span>
     <span class='ocr_line' id='line_1_29' title="bbox 331 3303 1425 3385; baseline 0 -22"><span class='ocrx_word' id='word_1_229' title='bbox 331 3305 480 3378; x_wconf 78' lang='lat' dir='ltr'>tammam,</span> <span class='ocrx_word' id='word_1_230' title='bbox 504 3304 559 3365; x_wconf 88' lang='lat' dir='ltr'>sed</span> <span class='ocrx_word' id='word_1_231' title='bbox 583 3325 619 3365; x_wconf 89' lang='lat' dir='ltr'>ea</span> <span class='ocrx_word' id='word_1_232' title='bbox 643 3303 818 3385; x_wconf 83' lang='lat' dir='ltr'>disciplina,</span> <span class='ocrx_word' id='word_1_233' title='bbox 843 3326 922 3384; x_wconf 91' lang='lat' dir='ltr'>quae</span> <span class='ocrx_word' id='word_1_234' title='bbox 945 3305 978 3366; x_wconf 91' lang='lat' dir='ltr'>in</span> <span class='ocrx_word' id='word_1_235' title='bbox 1000 3305 1068 3367; x_wconf 91' lang='lat' dir='ltr'>iure</span> <span class='ocrx_word' id='word_1_236' title='bbox 1090 3303 1217 3385; x_wconf 93' lang='lat' dir='ltr'>publico</span> <span class='ocrx_word' id='word_1_237' title='bbox 1239 3322 1425 3366; x_wconf 89' lang='lat' dir='ltr'>romanorum</span> 
     </span>
     <span class='ocr_line' id='line_1_30' title="bbox 332 3402 1423 3486; baseline 0 -21"><span class='ocrx_word' id='word_1_238' title='bbox 332 3404 517 3484; x_wconf 85' lang='lat' dir='ltr'>exponendo</span> <span class='ocrx_word' id='word_1_239' title='bbox 547 3409 701 3481; x_wconf 76' lang='lat' dir='ltr'>uersatur,</span> <span class='ocrx_word' id='word_1_240' title='bbox 732 3405 770 3468; x_wconf 89' lang='lat' dir='ltr'>iis</span> <span class='ocrx_word' id='word_1_241' title='bbox 798 3406 940 3486; x_wconf 87' lang='lat' dir='ltr'>reliquiis</span> <span class='ocrx_word' id='word_1_242' title='bbox 964 3407 1129 3469; x_wconf 79' lang='lat' dir='ltr'>aedificata</span> <span class='ocrx_word' id='word_1_243' title='bbox 1152 3427 1220 3468; x_wconf 90' lang='lat' dir='ltr'>esse</span> <span class='ocrx_word' id='word_1_244' title='bbox 1244 3403 1344 3481; x_wconf 78' lang='lat' dir='ltr'>debet,</span> <span class='ocrx_word' id='word_1_245' title='bbox 1366 3402 1423 3484; x_wconf 88' lang='lat' dir='ltr'>qui-</span> 
     </span>
     <span class='ocr_line' id='line_1_31' title="bbox 332 3504 1422 3587; baseline -0.002 -20"><span class='ocrx_word' id='word_1_246' title='bbox 332 3504 388 3567; x_wconf 88' lang='lat' dir='ltr'>bus</span> <span class='ocrx_word' id='word_1_247' title='bbox 416 3510 540 3586; x_wconf 90' lang='lat' dir='ltr'>tempus</span> <span class='ocrx_word' id='word_1_248' title='bbox 562 3507 714 3586; x_wconf 88' lang='lat' dir='ltr'>pepercit.</span> <span class='ocrx_word' id='word_1_249' title='bbox 756 3505 789 3570; x_wconf 79' lang='lat' dir='ltr'>si</span> <span class='ocrx_word' id='word_1_250' title='bbox 813 3507 1012 3587; x_wconf 89' lang='lat' dir='ltr'>antiquitatis</span> <span class='ocrx_word' id='word_1_251' title='bbox 1034 3507 1218 3570; x_wconf 89' lang='lat' dir='ltr'>testimonia</span> <span class='ocrx_word' id='word_1_252' title='bbox 1240 3508 1422 3586; x_wconf 86' lang='lat' dir='ltr'>spernuntur,</span> 
     </span>
     <span class='ocr_line' id='line_1_32' title="bbox 331 3605 1422 3688; baseline 0 -21"><span class='ocrx_word' id='word_1_253' title='bbox 331 3605 443 3669; x_wconf 85' lang='lat' dir='ltr'>falsam</span> <span class='ocrx_word' id='word_1_254' title='bbox 466 3607 637 3687; x_wconf 87' lang='lat' dir='ltr'>imaginem</span> <span class='ocrx_word' id='word_1_255' title='bbox 659 3607 812 3688; x_wconf 88' lang='lat' dir='ltr'>praebere</span> <span class='ocrx_word' id='word_1_256' title='bbox 836 3609 976 3688; x_wconf 89' lang='lat' dir='ltr'>putanda</span> <span class='ocrx_word' id='word_1_257' title='bbox 996 3612 1053 3685; x_wconf 84' lang='lat' dir='ltr'>est,</span> <span class='ocrx_word' id='word_1_258' title='bbox 1069 3607 1144 3670; x_wconf 89' lang='lat' dir='ltr'>licet</span> <span class='ocrx_word' id='word_1_259' title='bbox 1159 3605 1303 3688; x_wconf 88' lang='lat' dir='ltr'>singulae</span> <span class='ocrx_word' id='word_1_260' title='bbox 1317 3627 1362 3668; x_wconf 89' lang='lat' dir='ltr'>res</span> <span class='ocrx_word' id='word_1_261' title='bbox 1377 3627 1422 3684; x_wconf 87' lang='lat' dir='ltr'>ap-</span> 
     </span>
     <span class='ocr_line' id='line_1_33' title="bbox 330 3705 1421 3788; baseline -0.001 -20"><span class='ocrx_word' id='word_1_262' title='bbox 330 3706 452 3769; x_wconf 89' lang='lat' dir='ltr'>tissime</span> <span class='ocrx_word' id='word_1_263' title='bbox 475 3707 557 3769; x_wconf 88' lang='lat' dir='ltr'>inter</span> <span class='ocrx_word' id='word_1_264' title='bbox 580 3729 613 3770; x_wconf 91' lang='lat' dir='ltr'>se</span> <span class='ocrx_word' id='word_1_265' title='bbox 636 3708 827 3770; x_wconf 90' lang='lat' dir='ltr'>cohaereant</span> <span class='ocrx_word' id='word_1_266' title='bbox 850 3713 881 3770; x_wconf 89' lang='lat' dir='ltr'>et</span> <span class='ocrx_word' id='word_1_267' title='bbox 903 3708 1041 3788; x_wconf 89' lang='lat' dir='ltr'>undique</span> <span class='ocrx_word' id='word_1_268' title='bbox 1063 3713 1149 3771; x_wconf 88' lang='lat' dir='ltr'>tersa</span> <span class='ocrx_word' id='word_1_269' title='bbox 1172 3711 1204 3771; x_wconf 88' lang='lat' dir='ltr'>et</span> <span class='ocrx_word' id='word_1_270' title='bbox 1226 3705 1361 3788; x_wconf 83' lang='lat' dir='ltr'>expolita</span> <span class='ocrx_word' id='word_1_271' title='bbox 1381 3707 1421 3768; x_wconf 90' lang='lat' dir='ltr'>sit.</span> 
     </span>
     <span class='ocr_line' id='line_1_34' title="bbox 331 3805 1422 3888; baseline 0.001 -20"><span class='ocrx_word' id='word_1_272' title='bbox 331 3805 412 3870; x_wconf 89' lang='lat' dir='ltr'>Puto</span> <span class='ocrx_word' id='word_1_273' title='bbox 443 3807 530 3869; x_wconf 89' lang='lat' dir='ltr'>illam</span> <span class='ocrx_word' id='word_1_274' title='bbox 562 3809 700 3888; x_wconf 89' lang='lat' dir='ltr'>partium</span> <span class='ocrx_word' id='word_1_275' title='bbox 728 3809 818 3888; x_wconf 89' lang='lat' dir='ltr'>quasi</span> <span class='ocrx_word' id='word_1_276' title='bbox 840 3809 1040 3872; x_wconf 88' lang='lat' dir='ltr'>harmoniam</span> <span class='ocrx_word' id='word_1_277' title='bbox 1063 3809 1199 3872; x_wconf 89' lang='lat' dir='ltr'>secundo</span> <span class='ocrx_word' id='word_1_278' title='bbox 1223 3809 1344 3870; x_wconf 90' lang='lat' dir='ltr'>demum</span> <span class='ocrx_word' id='word_1_279' title='bbox 1365 3808 1422 3870; x_wconf 90' lang='lat' dir='ltr'>loco</span> 
     </span>
     <span class='ocr_line' id='line_1_35' title="bbox 332 3907 693 3971; baseline 0.008 -3"><span class='ocrx_word' id='word_1_280' title='bbox 332 3928 400 3968; x_wconf 89' lang='lat' dir='ltr'>esse</span> <span class='ocrx_word' id='word_1_281' title='bbox 424 3907 693 3971; x_wconf 87' lang='lat' dir='ltr'>considerandam.</span> 
     </span>
    </p>
   </div>
   <div class='ocr_carea' id='block_1_3' title="bbox 433 4001 1423 4091">
    <p class='ocr_par' dir='ltr' id='par_1_4' title="bbox 433 4001 1423 4091">
     <span class='ocr_line' id='line_1_36' title="bbox 433 4001 1423 4091; baseline 0.002 -23"><span class='ocrx_word' id='word_1_282' title='bbox 433 4001 561 4070; x_wconf 82' lang='lat' dir='ltr'>Initiuni</span> <span class='ocrx_word' id='word_1_283' title='bbox 598 4009 714 4072; x_wconf 89' lang='lat' dir='ltr'>faciam</span> <span class='ocrx_word' id='word_1_284' title='bbox 747 4031 784 4072; x_wconf 90' lang='lat' dir='ltr'>ex</span> <span class='ocrx_word' id='word_1_285' title='bbox 815 4009 853 4072; x_wconf 91' lang='lat' dir='ltr'>iis</span> <span class='ocrx_word' id='word_1_286' title='bbox 885 4010 1085 4090; x_wconf 89' lang='lat' dir='ltr'>antiquorum</span> <span class='ocrx_word' id='word_1_287' title='bbox 1117 4010 1307 4091; x_wconf 90' lang='lat' dir='ltr'>scriptorum</span> <span class='ocrx_word' id='word_1_288' title='bbox 1336 4009 1423 4084; x_wconf 78' lang='lat' dir='ltr'>dictis,</span> 
     </span>
    </p>
   </div>
   <div class='ocr_carea' id='block_1_4' title="bbox 436 4142 865 4292">
    <p class='ocr_par' dir='ltr' id='par_1_5' title="bbox 436 4142 865 4292">
     <span class='ocr_line' id='line_1_37' title="bbox 436 4142 745 4206; baseline 0.013 -15"><span class='ocrx_word' id='word_1_289' title='bbox 436 4142 443 4170; x_wconf 77' lang='lat'>¹</span> <span class='ocrx_word' id='word_1_290' title='bbox 462 4147 527 4192; x_wconf 87' lang='lat' dir='ltr'>Ibid.</span> <span class='ocrx_word' id='word_1_291' title='bbox 547 4161 591 4206; x_wconf 91' lang='lat' dir='ltr'>pp.</span> <span class='ocrx_word' id='word_1_292' title='bbox 613 4150 641 4194; x_wconf 80' lang='lat'>17</span> <span class='ocrx_word' id='word_1_293' title='bbox 662 4153 687 4194; x_wconf 89' lang='lat' dir='ltr'>et</span> <span class='ocrx_word' id='word_1_294' title='bbox 708 4151 745 4195; x_wconf 86' lang='lat'>18.</span> 
     </span>
     <span class='ocr_line' id='line_1_38' title="bbox 436 4226 865 4292; baseline 0.002 -15"><span class='ocrx_word' id='word_1_295' title='bbox 436 4226 445 4255; x_wconf 83' lang='lat'><strong>²</strong></span> <span class='ocrx_word' id='word_1_296' title='bbox 463 4231 528 4277; x_wconf 75' lang='lat' dir='ltr'>uiue</span> <span class='ocrx_word' id='word_1_297' title='bbox 548 4233 586 4276; x_wconf 84' lang='lat' dir='ltr'>sa</span> <span class='ocrx_word' id='word_1_298' title='bbox 604 4232 643 4277; x_wconf 90' lang='lat'>111</span> <span class='ocrx_word' id='word_1_299' title='bbox 662 4247 685 4292; x_wconf 87' lang='lat' dir='ltr'>p.</span> <span class='ocrx_word' id='word_1_300' title='bbox 707 4235 745 4292; x_wconf 77' lang='lat' dir='ltr'>aa,</span> <span class='ocrx_word' id='word_1_301' title='bbox 766 4233 823 4278; x_wconf 78' lang='lat' dir='ltr'>aun.</span> <span class='ocrx_word' id='word_1_302' title='bbox 845 4235 865 4278; x_wconf 89' lang='lat'>1.</span> 
     </span>
    </p>
   </div>
   <div class='ocr_carea' id='block_1_5' title="bbox 0 0 1490 5066">
    <p class='ocr_par' dir='ltr' id='par_1_6' title="bbox 0 0 1490 5066">
     <span class='ocr_line' id='line_1_39' title="bbox 0 0 1490 5066; baseline 0 0"><span class='ocrx_word' id='word_1_303' title='bbox 0 0 1490 5066; x_wconf 95' lang='lat' dir='ltr'> </span> 
     </span>
    </p>
   </div>
   <div class='ocr_carea' id='block_1_6' title="bbox 1501 0 1502 1170">
    <p class='ocr_par' dir='ltr' id='par_1_7' title="bbox 1501 0 1502 1170">
     <span class='ocr_line' id='line_1_40' title="bbox 1501 0 1502 1170; baseline 0 0"><span class='ocrx_word' id='word_1_304' title='bbox 1501 0 1502 1170; x_wconf 95' lang='lat' dir='ltr'> </span> 
     </span>
    </p>
   </div>
   <div class='ocr_carea' id='block_1_7' title="bbox 1501 0 1502 1170">
    <p class='ocr_par' dir='ltr' id='par_1_8' title="bbox 1501 0 1502 1170">
     <span class='ocr_line' id='line_1_41' title="bbox 1501 0 1502 1170; baseline 0 0"><span class='ocrx_word' id='word_1_305' title='bbox 1501 0 1502 1170; x_wconf 95' lang='lat' dir='ltr'> </span> 
     </span>
    </p>
   </div>
   <div class='ocr_carea' id='block_1_8' title="bbox 1501 0 1502 1170">
    <p class='ocr_par' dir='ltr' id='par_1_9' title="bbox 1501 0 1502 1170">
     <span class='ocr_line' id='line_1_42' title="bbox 1501 0 1502 1170; baseline 0 0"><span class='ocrx_word' id='word_1_306' title='bbox 1501 0 1502 1170; x_wconf 95' lang='lat' dir='ltr'> </span> 
     </span>
    </p>
   </div>
  </div>
 </body>
</html>
