3004 5066
547 425 704 476 ..91-

72 588 257 670 putabant&
304 587 395 663 Quod
421 586 531 668 Voigt,
555 585 692 666 Herzog,
716 584 893 649 Mommsen
917 589 1002 648 artos
1025 583 1096 647 illos
1119 585 1176 648 cli-

72 690 194 753 entelae
227 691 306 752 fines
337 688 581 770 descripserunt,
613 709 692 767 quos
720 709 816 768 supra
838 686 1096 768 significauimus,
1119 710 1175 768 ap·

72 795 161 872 paret
183 790 215 853 id
238 790 277 852 ab
300 790 338 852 iis
360 789 480 853 facturn
504 810 582 865 esse,
606 788 680 868 quia
702 787 811 868 utique
834 787 1013 850 clientelam
1035 786 1176 850 libertati

72 897 103 954 et
133 891 256 955 ciuitati
288 891 478 955 contrariam
510 890 748 953 constituerant.
794 889 914 952 Eruere
942 887 1090 964 conabor,
1114 910 1176 968 qua

71 994 122 1056 uia
154 993 193 1056 ad
224 992 306 1056 hanc
337 992 526 1056 senteutiam
557 991 653 1054 delati
676 991 749 1066 sint,
773 991 827 1054 sed
850 994 884 1053 ut
907 1011 954 1064 ea,
978 1011 1058 1070 quae
1082 1011 1176 1070 supra

71 1096 108 1157 de
130 1094 233 1175 plebis
257 1094 441 1158 condicione
464 1093 632 1174 disputaui,
656 1114 719 1156 non
742 1096 894 1172 repetam.

170 1193 257 1259 Inter
290 1218 344 1260 eas
378 1217 498 1271 causas,
533 1193 647 1274 quibus
681 1194 808 1256 adducti
840 1198 912 1257 sunt
939 1193 1000 1255 uiri
1023 1193 1118 1268 docti,
1141 1198 1176 1255 ut

72 1296 238 1360 clientibus
261 1297 423 1360 ciuitatem
447 1295 673 1370 abiudicarent,
697 1316 761 1357 non
776 1294 898 1356 minimi
914 1293 1066 1357 momenti
1077 1292 1174 1357 fuisse

71 1398 162 1461 credo
196 1397 309 1460 falsam
343 1398 441 1480 ipsius
472 1397 560 1461 uocis
592 1395 838 1478 etymologicam
870 1395 1173 1476 interpretationem.

70 1498 153 1562 Nam
180 1501 330 1579 quoniam
354 1501 452 1562 cliens
475 1521 493 1561 a
516 1500 618 1561 cluere
642 1497 820 1560 deriuatum
843 1496 1066 1560 existimabant
1089 1497 1175 1560 etin
1272 1499 1274 1507 '

69 1602 155 1664 illam
189 1601 351 1682 uolgatam
384 1601 563 1666 uersiouem
594 1599 691 1662 delati
723 1603 822 1682 erant,
854 1622 915 1679 qua
943 1598 1073 1662 clientes
1097 1598 1173 1662 alle-

61 1687 212 1766 'mannice
239 1703 306 1766 “die
330 1701 469 1783 Hdrige“
497 1701 705 1783 appellantur,
729 1700 956 1777 haud-mirum,
973 1701 1057 1780 quod
1071 1701 1174 1781 ipsum

69 1825 182 1868 nomen
205 1825 335 1868 monere
356 1803 522 1884 putabant,
546 1802 676 1866 clientes
692 1801 768 1864 olim
785 1801 915 1864 ciuitate
931 1801 1078 1864 caruisse.
1113 1799 1175 1864 Sed

70 1908 167 1970 cliens
190 1910 223 1968 et
245 1907 347 1968 cluere
370 1926 433 1968 uon
456 1904 566 1967 eadem
588 1903 693 1966 radice
717 1907 787 1965 orta
812 1924 891 1978 esse,
914 1903 976 1966 iam
1000 1908 1072 1966 ante
1092 1903 1172 1966 mul-

68 2013 116 2072 tos
151 2029 250 2071 annos
283 2010 392 2070 noster
422 2005 612 2069 Danielsson
644 2004 764 2078 docuit;
797 2025 890 2066 nemo
913 2026 996 2067 nuuc
1019 2003 1173 2069 Corsseno

69 2109 245 2184 crediderit,
280 2109 378 2172 cliens
409 2129 425 2170 e
457 2105 625 2169 lcla-ie-aa
656 2127 724 2168 esse
754 2109 970 2186 procreatum;
993 2127 1095 2186 neque
1117 2128 1174 2188 per

70 2209 171 2273 Plaut.
194 2209 278 2272 Man.
303 2210 364 2272 575
396 2230 504 2271 eorum
532 2207 689 2270 sententia
711 2205 836 2268 defendi
860 2209 975 2286 potest,
999 2207 1052 2286 qui
1076 2208 1174 2270 cliens
1198 2229 1205 2242 ·

69 2334 86 2373 a
109 2311 216 2374 clueas
245 2314 349 2374 ortum
368 2309 564 2383 existimant;
588 2309 642 2388 qui
663 2307 806 2388 proxime
830 2306 977 2371 Plautum
1000 2307 1173 2386 ediderunt,

68 2412 150 2475 hunc
173 2433 298 2475 uersum
322 2412 367 2475 ita
390 2410 550 2488 exhibent,
573 2415 608 2474 ut
629 2409 692 2473 fert
715 2411 859 2476 codicum
882 2411 1052 2490 scriptura:

69 2553 118 2594 rea
141 2533 243 2612 inopis
266 2532 434 2614 quaeritur
456 2551 549 2613 qrrnm
576 2529 723 2591 clientum
745 2528 824 2609 fidas
844 2529 1046 2612 quoiusmodi
1062 2530 1172 2593 clarent.

168 2648 359 2712 Danielsson
388 2649 486 2710 cliens
509 2647 654 2710 eradica
678 2648 769 2727 *lalcp'
791 2647 919 2710 ductum
942 2652 973 2710 et
996 2669 1067 2710 cum
1089 2648 1172 2710 cline

70 2755 162 2830 atque
193 2771 252 2812 scr.
287 2751 413 2831 croyait
445 2748 697 2828 coniungendum
721 2748 814 2810 docet
836 2769 970 2827 eumque
994 2748 1172 2829 significare
1216 2737 1220 2745 ’

68 2857 167 2933 putat,
192 2851 245 2931 qui
269 2851 307 2914 ad
330 2850 468 2930 aliquem
490 2855 658 2932 patronum
683 2871 716 2912 se
739 2847 909 2931 applicat2.
947 2847 981 2914 Si
1002 2849 1063 2914 hoc
1086 2855 1172 2914 recte

69 2953 188 3029 statuit,
220 2975 283 3016 non
314 2958 422 3016 tamen
454 2951 547 3015 credo
575 2951 630 3014 illo
653 2951 751 3014 uerbo
775 2973 829 3014 eos
851 2952 1051 3031 potissimum
1073 2953 1171 3033 signi-

68 3054 189 3130 ficatos,
213 3055 267 3134 qui
290 3076 327 3117 eo
350 3055 417 3116 iure
441 3053 621 3128 utebantur,
646 3053 729 3132 quod
743 3055 871 3134 proprie
887 3053 935 3116 ius
951 3053 1171 3135 applicationis

69 3155 296 3237 appellabatur.
329 3154 413 3218 Nam
436 3155 543 3217 nescio
567 3177 606 3216 an
628 3153 689 3217 hoc
706 3154 870 3218 clientelae
887 3177 985 3236 genus
1000 3177 1171 3236 numquam

69 3255 163 3320 latius
197 3257 350 3338 patuerit;
385 3260 417 3319 et
448 3256 474 3318 si
503 3255 601 3318 uerbo
630 3256 728 3319 cliens
751 3278 823 3319 eum
845 3278 971 3320 sensum
993 3257 1170 3334 tribuimus,

69 3379 160 3438 quem
184 3358 351 3438 proposuit
373 3356 573 3433 Danielsson,
598 3357 636 3418 ad
660 3358 766 3420 omnia
790 3357 953 3421 clientelae
976 3380 1094 3439 genera
1116 3360 1169 3423 de-

68 3459 221 3540 signanda
250 3463 358 3539 aptum
382 3462 438 3521 est.
484 3456 557 3521 on
580 3458 648 3538 ipsa
670 3458 768 3538 igitur
790 3459 876 3522 nullo
899 3459 992 3522 modo
1015 3482 1072 3524 nos
1095 3460 1169 3524 hor·

67 3563 161 3636 tatur,
184 3564 220 3622 ut
243 3559 373 3622 clientes
396 3559 481 3622 ciues
504 3558 601 3622 fuisse
624 3580 785 3640 negemus.
899 3547 912 3568 ”

1 3741 2 3744 ¹
167 3659 274 3742 Atque
300 3661 363 3723 iam
387 3661 426 3722 ad
449 3660 543 3723 aliam
566 3683 632 3722 rem
654 3665 850 3723 transeamus
874 3666 905 3724 et
928 3662 1170 3740 consideremuS,

1 3749 2 3768 ³
69 3785 146 3842 quae
169 3767 376 3844 patronorum
400 3767 431 3825 et
447 3762 609 3826 clientium
623 3763 693 3826 iura
707 3762 805 3826 fuisse
817 3765 898 3845 apud
911 3765 1057 3844 antiquos
1069 3766 1169 3847 scrip·

68 3867 151 3927 tores
173 3863 324 3926 traditum
347 3864 397 3927 sit.
442 3863 513 3927 Hoc
536 3864 657 3927 duobus
680 3864 758 3926 locis
781 3864 875 3946 paulo
899 3865 1056 3946 copiosius
1072 3887 1169 3946 expo-

170 3997 178 4026 ¹
196 4003 335 4058 Dionysius
354 4001 380 4048 II
400 4004 438 4048 ll.
476 4003 521 4048 Cfr
539 4004 687 4050 Sebastian:
707 4005 744 4049 De
763 4005 879 4063 patronis
900 4005 1059 4050 coloniarum
1076 4008 1102 4050 et
1115 4019 1170 4051 mu·

71 4086 221 4146 niripiorum
241 4099 408 4132 romanorum
427 4088 545 4145 quaestio
565 4089 740 4148 epigraphica.
776 4089 849 4135 Halia
868 4089 998 4136 Saxonum
1017 4103 1061 4148 pp.
1082 4090 1095 4136 5
1114 4103 1152 4148 sq.

171 4163 289 4216 'Studia
315 4172 492 4228 grammatica.
529 4172 652 4231 Upsaliae
681 4174 744 4220 1879
772 4188 796 4233 p.
826 4176 856 4220 46
884 4175 948 4220 Adn.
976 4177 999 4221 4.
1035 4175 1116 4221 Uideo
1140 4173 1169 4220 L.

73 4251 202 4311 Meyerum
220 4255 295 4300 Bezz.
314 4255 392 4302 Beitr.
413 4256 432 4302 V
452 4257 499 4302 176
519 4269 575 4314 sqq.
596 4258 627 4303 de
646 4259 727 4304 uerbo
746 4261 823 4305 cliens
841 4260 910 4305 idem
930 4260 1057 4305 docuisse.
