3004 5066
770 477 802 486 .-
831 447 867 501 7ss
895 475 929 483 -.

297 611 451 693 religione
474 612 668 690 colebantur,
692 611 776 692 quod
798 631 886 673 more
909 607 1062 672 maiorum
1085 605 1131 668 ita
1152 603 1304 674 traditum
1329 601 1408 662 erat
1494 645 1496 694 Ξ

298 717 330 777 et
363 713 445 777 inter
478 713 618 778 ciuilium
651 712 889 776 contentionum
920 731 1008 773 arma
1038 729 1100 772 non
1124 705 1270 770 ultimum
1292 702 1408 766 locum
1494 775 1496 786 ,

297 814 457 878 tenebant.
503 813 564 879 Sed
593 814 690 878 fuisse
719 819 852 896 tempus
877 834 939 894 quo
961 809 1078 894 plebeii
1101 831 1163 872 non
1185 809 1318 888 possent
1342 826 1406 868 au·
1494 873 1496 900 1

297 916 423 998 spicari,
456 916 530 998 quin
562 915 651 980 nefas
683 915 926 992 committerent,
958 935 1021 977 non
1043 911 1181 974 adducor
1202 911 1237 972 ut
1260 906 1405 970 credam.
1495 993 1497 1014 1

298 1018 471 1092 (luominus
502 1018 596 1082 rebus
627 1017 741 1082 diuinis
764 1023 893 1100 'operam
916 1015 1036 1092 darent,
1059 1035 1123 1076 non
1145 1010 1274 1075 omnino
1298 1008 1406 1070 inter·

298 1119 417 1183 dictum
439 1123 507 1183 erat
529 1119 662 1200 plebeiis
684 1119 874 1182 bominibus.
914 1115 1010 1181 Sacra
1029 1137 1082 1179 eos
1098 1113 1223 1196 priuata
1238 1110 1406 1185 habuisse,

298 1220 407 1284 Liuius
438 1243 501 1284 non
533 1221 649 1284 oblitus
672 1225 729 1298 est,
753 1220 807 1301 qui
832 1219 864 1283 P.
888 1218 1020 1282 Decium
1044 1239 1115 1280 oum
1137 1213 1243 1297 Appio
1267 1211 1406 1276 Claudio
1496 1209 1498 1274 l

297 1322 342 1385 ita
373 1322 555 1403 loquentem
578 1323 674 1386 faciat
697 1322 739 1403 (X
763 1321 809 1403 ll:
838 1323 957 1384 castius
980 1341 1048 1383 curn
1072 1339 1166 1382 sacro
1185 1317 1321 1400 priuato
1344 1313 1406 1394 fo·

299 1445 366 1486 cere
401 1431 428 1486 et
462 1423 645 1506 religiosius
676 1424 750 1486 cleos
781 1423 880 1486 colere
911 1443 1005 1506 qrcam
1037 1420 1091 1484 se?
1121 1423 1153 1482 et
1182 1417 1277 1500 paulo
1301 1416 1404 1478 infra:
1496 1417 1498 1492 ἑ

299 1527 354 1610 qai
385 1523 515 1588 deornm
541 1526 644 1608 atrapis
667 1547 761 1609 priam
784 1532 894 1588 nostru
917 1544 1013 1586 cuasa
1038 1528 1231 1604 expetam-ae,
1253 1526 1299 1598 at,
1323 1539 1405 1602 qnos
1497 1511 1498 1516 ’

295 1628 453 1710 priuatim
478 1627 619 1707 collinus,
637 1627 764 1711 publice
787 1626 935 1689 colurnus.

399 1727 443 1792 At
474 1728 567 1807 enim,
599 1727 748 1808 quoniam
774 1749 928 1810 augurum
951 1725 1117 1807 disciplina
1139 1746 1201 1786 non
1226 1725 1317 1786 erant
1340 1721 1403 1784 im-

298 1829 376 1906 buti,
411 1852 473 1893 non
506 1833 654 1912 poterant
685 1829 800 1912 plebeii
832 1851 889 1910 pro
921 1850 955 1892 re
982 1826 1109 1909 publica
1131 1824 1299 1907 auspicari,
1325 1824 1404 1904 quin

298 1935 382 1993 esset
408 1931 592 2012 periculum,
616 1954 655 1995 ne
678 1931 818 2012 auspicia
840 1930 927 1994 uitiis
949 1929 1152 2010 inquinarent
1174 1949 1210 1990 ac
1233 1947 1404 2008 perperam

298 2032 592 2114 interpretarentur,
627 2055 707 2114 quae
735 2056 754 2096 a
781 2033 841 2097 diis
872 2032 969 2095 missa
996 2034 1101 2094 essent
1129 2029 1229 2111 signa.
1275 2028 1348 2092 Hoc
1376 2028 1403 2091 si

298 2155 408 2196 uerum
431 2139 514 2198 esset
537 2135 665 2212 dictum,
688 2134 787 2198 nihilo
810 2134 911 2216 magis
933 2132 1060 2196 illorum
1082 2131 1259 2195 sententiae
1282 2153 1402 2194 nouum

299 2239 518 2315 argumentum
542 2236 716 2313 accederet,
740 2236 793 2317 qui
815 2235 941 2317 plebem
964 2235 1008 2298 ab
1020 2233 1232 2314 antiquissimi
1247 2232 1402 2314 temporis

300 2335 428 2399 ciuitate
459 2359 590 2400 romana
621 2337 789 2419 depellant.
835 2335 870 2400 ld
901 2337 984 2399 enim
1015 2335 1179 2399 hominum
1209 2357 1319 2416 genus,
1348 2333 1402 2414 qui

299 2459 366 2500 rein
396 2437 555 2519 publicam
586 2438 645 2502 soli
673 2443 882 2520 capesserent,
911 2438 1008 2502 etiam
1030 2437 1172 2520 auspicia
1194 2437 1323 2519 publica
1347 2458 1402 2499 cu·

299 2539 397 2602 randa
434 2562 650 2621 augurumque
688 2539 887 2623 disciplinam
922 2539 982 2604 sibi
1015 2561 1205 2617 reseruasse,
1239 2537 1321 2601 nihil
1355 2541 1403 2601 est

224 2634 227 2639 ’
299 2640 486 2705 mirandum.
531 2639 593 2705 Sed
618 2664 729 2706 reuera
755 2635 947 2723 magnopere
975 2641 1182 2705 dubitandum
1205 2645 1263 2719 est,
1287 2643 1401 2721 potue-

299 2742 403 2806 rintne
425 2743 552 2824 patricii
574 2743 727 2807 eiusmodi
745 2743 921 2807 rationibus
937 2743 1093 2820 euincere,
1110 2741 1252 2824 auspicia
1266 2741 1402 2823 plebeiis

299 2867 363 2907 non
394 2867 461 2908 esse
489 2844 722 2908 committenda.
766 2843 851 2907 Nam
880 2844 907 2907 si
935 2845 989 2925 qui
1018 2844 1223 2925 magistratus
1252 2865 1402 2907 romanus

300 2967 407 3008 earum
434 2967 538 3009 rerum
567 2945 670 3009 minus
694 2949 761 3009 erat
783 2945 914 3027 peritus,
939 2967 1019 3026 quae
1043 2945 1082 3008 ad
1105 2944 1246 3026 auspicia
1268 2945 1331 3008 rite
1355 2945 1402 3008 f-

300 3047 411 3110 cienda
443 3051 475 3111 et
507 3047 743 3128 interpretanda
775 3046 987 3129 pertinebant,
1022 3031 1102 3109 nihil
1135 3046 1167 3109 in
1200 3068 1292 3110 mora
1325 3051 1401 3123 erat,

300 3149 466 3229 quominus
496 3171 647 3230 augurem
674 3153 727 3212 aut
749 3149 775 3212 si
799 3148 868 3229 quis
892 3147 971 3212 alius
994 3149 1115 3229 peritus
1140 3151 1233 3226 esset,
1259 3170 1402 3212 arcesse·

299 3253 357 3312 ret.
403 3248 453 3312 lta
475 3251 615 3331 auspicia
637 3250 745 3331 utiquc
767 3250 827 3312 rite
850 3249 919 3312 fieri
942 3253 1099 3332 poterant.
1144 3248 1280 3314 Accedit
1303 3251 1404 3315 altera

299 3372 360 3427 res,
384 3373 478 3431 quam
501 3374 563 3414 non
585 3351 706 3414 minimi
728 3351 879 3415 momenti
903 3373 971 3415 esse
993 3355 1070 3434 puto
1087 3353 1125 3415 ad
1140 3352 1223 3415 hanc
1240 3353 1403 3433 quaestio-

300 3473 372 3513 nem
396 3452 636 3515 diiudicandam.
682 3451 813 3516 Constat
835 3453 986 3534 populum
1009 3475 1185 3532 romanum,
1209 3477 1404 3536 quamquam

300 3575 374 3615 usus
403 3554 560 3634 antiquae,
588 3554 641 3634 qui
664 3576 735 3640 cum
758 3554 887 3617 deorum
910 3555 996 3618 cultu
1019 3555 1180 3620 coniuncti
1203 3561 1306 3634 erant,
1330 3579 1403 3638 per-

230 3679 235 3689 ·
299 3654 447 3717 tinaciter
478 3655 696 3732 conseruabat,
727 3659 834 3718 tamen
865 3657 941 3719 satis
964 3679 1079 3738 magna
1101 3657 1258 3721 facilitate
1282 3657 1404 3722 alienos

301 3755 385 3832 deos,
409 3778 508 3820 nouos
533 3756 634 3820 cultus
656 3777 817 3836 nouasque
840 3758 1048 3821 caerimonias
1071 3758 1238 3822 admisisse
1262 3764 1295 3824 et
1314 3760 1405 3842 quasi

302 3856 429 3919 ciuitate
462 3857 603 3920 donasse.
648 3856 691 3920 nt
722 3857 933 3938 auspiciorum
960 3859 1085 3939 quidem
1113 3881 1183 3923 cum
1212 3863 1262 3924 tot
1285 3882 1406 3941 genera

301 3962 416 4035 essent,
449 3958 632 4021 uerisimilie
664 3957 798 4036 uidetur,
830 3959 891 4021 alia
918 3959 986 4022 aliis
1008 3960 1207 4042 temporibus
1231 3962 1405 4026 accessisse

301 4079 403 4137 neque
437 4080 475 4120 ex
507 4081 569 4121 uno
602 4058 707 4121 radico
738 4060 843 4122 omnia
872 4060 1026 4142 originem
1055 4062 1192 4126 duxisse.
1238 4060 1343 4126 Immo
1367 4064 1405 4126 ad

303 4159 456 4238 quaedam
483 4158 574 4240 signa
599 4159 835 4240 interpretanda
857 4183 920 4223 non
943 4184 1096 4243 augurum
1120 4163 1324 4246 disciplinam
1349 4166 1404 4229 ad-

302 4258 437 4324 hibitam
460 4281 528 4326 csse
551 4282 586 4325 ac
609 4283 648 4324 ne
670 4282 832 4324 romanam
854 4263 980 4342 quidem
1002 4265 1202 4346 sapientiam,
1227 4267 1284 4331 sed
1300 4267 1402 4350 sibyl-
