3004 5066
534 394 693 447 -63—

166 554 255 636 Apud
279 554 438 619 Catullum
460 555 539 618 haec
562 556 682 636 scripta
705 559 777 619 sunt
800 554 864 636 (68,
890 556 948 618 119
972 553 1068 636 sqq.):

198 706 281 770 Neue
304 729 360 770 nec
382 714 446 770 torn
470 728 580 770 cortun
604 707 743 787 corrfeoto
767 714 869 769 (serore
887 709 1021 790 parenti

195 830 259 870 nnc
284 815 379 892 cupiet
402 811 467 871 scri
489 816 568 871 noto
591 810 716 892 nepotis
738 809 807 887 ulit,

195 913 249 993 pret
273 931 342 972 ciero
365 910 494 972 diuitiis
517 910 726 972 trieteridem
749 912 900 972 inerrantes
924 911 1023 971 irruitis

195 1031 306 1074 riornen
330 1018 461 1074 testatus
485 1012 596 1074 intulit
619 1013 654 1073 in
677 1011 813 1091 tubulos,

194 1114 295 1194 impio
319 1113 421 1175 derisi
441 1113 573 1194 pratilis
593 1111 717 1194 perodio
741 1112 854 1174 tollens

194 1215 330 1275 suscitat
352 1234 372 1275 o
396 1234 475 1275 curro
497 1213 674 1275 uolturium
698 1213 807 1294 copiti.

4 1431 6 1444 ,
163 1363 250 1426 Haec
283 1363 367 1427 inter
397 1386 430 1427 se
462 1387 525 1428 non
548 1365 593 1428 ita
615 1365 696 1428 bene
720 1364 936 1441 cohaererent,
959 1363 1021 1426 nisi
1043 1363 1171 1444 gentilis

4 1541 5 1544 Ἴ
60 1464 192 1544 impiam
226 1464 432 1545 cupiditatem
462 1465 539 1528 satis
571 1465 737 1546 uulgarem
767 1470 889 1546 pestem
917 1468 1045 1547 putaret
1067 1468 1171 1546 poeta.

61 1564 107 1627 nt
137 1566 217 1646 apud
246 1563 425 1630 Uarronem
447 1566 526 1629 haec
550 1571 633 1643 sunt,
657 1588 737 1646 quae
762 1566 875 1647 opinor
898 1566 1077 1640 ostendunt,
1102 1587 1171 1628 eum

4 1697 5 1750 3
62 1665 241 1742 credidisse
275 1688 354 1746 quae
386 1668 423 1729 de
455 1667 628 1747 gentilibus
658 1667 744 1747 leges
767 1665 1016 1748 praecipiebant,
1041 1666 1080 1728 ad
1101 1665 1172 1728 uni-

4 1751 6 1812 l
61 1789 170 1830 uersos
193 1768 279 1830 ciues
302 1773 446 1849 spectare
469 1767 520 1849 (R.
545 1767 583 1831 R.
608 1767 623 1831 l
646 1770 674 1845 2,
692 1767 738 1848 Sl:
764 1769 826 1830 duo
844 1769 1004 1850 iruprimis
1017 1774 1173 1850 spectasse

61 1868 214 1930 uidentur
237 1869 348 1932 Italici
370 1869 512 1933 homiues
536 1871 674 1949 colendo,
695 1877 865 1952 possentne
887 1868 1013 1948 fructus
1034 1889 1094 1951 pro
1114 1871 1173 1930 'inr-

58 1991 160 2052 penso
185 1992 222 2032 coc
246 1970 352 2032 labore
375 1971 482 2033 redire
505 1979 534 2033 et
556 1978 664 2034 utrum
687 1971 815 2033 saluber·
838 1971 923 2032 locros
948 1976 1026 2032 esset
1042 1991 1085 2030 un
1100 1990 1173 2031 riori.

65 2070 203 2148 Quorum
227 2073 257 2132 st
272 2071 462 2141 alterutrum
478 2071 600 2133 decolat
617 2079 645 2133 et
660 2071 763 2133 nihilo
776 2060 884 2133 intans
896 2071 968 2154 quis
980 2071 1050 2132 eruit
1064 2070 1173 2148 colere,

63 2179 162 2234 ruente
185 2181 231 2235 est
253 2181 365 2256 coptus
388 2179 481 2257 atque
504 2173 548 2235 ed
563 2181 698 2256 epactes
714 2180 742 2235 et
756 2174 891 2254 perutiles
904 2179 948 2235 est
961 2171 1173 2234 deducendus.

164 2273 269 2337 Attuli
293 2296 372 2354 quae
395 2273 473 2336 mihi
497 2266 683 2354 argumento
708 2296 776 2337 esse
799 2275 868 2337 uisa
884 2278 966 2350 sunt,
984 2277 1095 2354 gentes
1110 2295 1174 2336 non

4 2377 5 2424 ff
64 2377 147 2440 inter
168 2376 305 2457 patricia
326 2376 472 2439 instituta
494 2381 675 2439 numeratas
699 2398 776 2452 esse,
801 2381 832 2439 et
847 2381 975 2440 transeo
992 2376 1031 2438 ad
1047 2398 1084 2438 ea
1099 2397 1172 2457 per-

63 2478 231 2554 censenda,
266 2498 346 2557 quae
379 2477 545 2558 patriciam
580 2477 769 2557 gentilitatis
804 2478 959 2558 originem
994 2477 1174 2558 significare

4 2565 5 2568 Ἴ
64 2580 209 2642 uidentur
248 2581 301 2641 aut
340 2581 447 2658 aperte
482 2578 648 2640 ostendere
682 2578 838 2641 dicuntur.
884 2577 1014 2641 Leniter
1050 2582 1175 2640 tantum

4 2727 5 2762 3
63 2685 194 2762 tangere
229 2701 307 2759 opus
342 2683 399 2754 est,
431 2679 514 2758 quod
546 2679 699 2758 quaedam
727 2678 908 2758 gentiliciae
932 2678 1174 2741 consuetudines

4 2769 5 2844 }
63 2781 163 2862 magis
187 2779 270 2860 apud
285 2779 438 2860 patricios
455 2801 548 2858 quam
565 2780 647 2860 apud
662 2779 805 2860 plebeios
828 2779 859 2840 in
876 2801 935 2841 usu
949 2778 1174 2840 fuisse'uiden-

4 2913 5 2964 3
62 2887 122 2945 tur.
146 2880 232 2944 Nam
256 2881 380 2943 etiamsi
403 2879 482 2943 haec
504 2902 579 2943 uere
603 2881 718 2944 dixerit
741 2880 919 2944 Mommsen
942 2877 1008 2960 (SR
1023 2877 1069 2942 lll
1084 2903 1114 2960 p.
1135 2881 1175 2942 74

4 2999 6 3060 ξ
64 2983 132 3046 adn.
160 2981 206 3062 ll:
245 2981 312 3043 “die
343 2980 542 3062 Dnrftigkeir
576 2982 632 3044 der
662 2981 813 3044 Berichte
840 2981 919 3043 fiber
951 2979 1174 3043 Geschlechts-

63 3082 203 3147 brancha
226 3081 440 3164 plebejischer
463 3081 588 3145 Hauser
604 3121 653 3157 —,
678 3082 861 3162 verglichen
877 3081 935 3144 mit
951 3081 1011 3144 den
1026 3080 1176 3162 httufigen

65 3185 140 3248 tiber
174 3184 224 3246 die
255 3183 330 3245 weit
361 3183 483 3246 minder
505 3183 707 3246 zahlreichen
729 3182 954 3264 patriciae-hen,
977 3183 1019 3245 ist
1041 3183 1175 3246 zurtick-

65 3286 216 3350 zuftihren
251 3284 307 3348 auf
337 3284 387 3347 die
419 3285 550 3366 geringe
582 3285 829 3366 Entwickelung
858 3285 914 3347 der
941 3283 1109 3349 Gentilitttt
1132 3286 1176 3347 im

4 3423 5 3426 ¹
64 3386 176 3450 Kreise
209 3387 264 3448 der
296 3384 426 3460 Plebs¹⁴3
459 3386 584 3448 etiarnsi
612 3386 690 3449 haec
713 3409 787 3450 uere
811 3386 936 3462 dixerit,
961 3409 1024 3449 non
1048 3386 1175 3449 conclu-

66 3488 201 3551 dendum
225 3491 282 3563 est,
306 3486 516 3567 gentilitatem
541 3509 605 3550 non
623 3487 852 3566 antiquissimis
867 3487 1064 3568 temporibus
1081 3488 1177 3549 etiarn

65 3590 147 3670 apud
169 3588 297 3670 plebem
319 3588 466 3651 ualuisse.
512 3586 574 3652 Sed
597 3589 681 3668 quod
704 3610 740 3650 ea
764 3588 926 3669 gentilicia
948 3589 1026 3663 iura,
1048 3589 1085 3650 de
1105 3589 1175 3667 qui-

66 3689 120 3754 bus
145 3689 232 3770 leges
256 3689 421 3752 duodecim
442 3689 624 3754 tabularum
646 3689 827 3770 loquuntur,
843 3711 1015 3770 numquam
1030 3689 1091 3752 nisi
1104 3692 1176 3752 rar'o

68 3793 103 3854 ad
125 3813 218 3854 usum
241 3789 396 3853 translata
417 3791 557 3872 putanda
580 3794 653 3891 sunt
677 3796 772 3870 atque
795 3791 947 3870 temporis
967 3811 1059 3853 cursu
1075 3791 1176 3870 magis

70 3893 232 3974 magisque
264 3891 515 3969 obsolescebant,
547 3893 640 3956 facile
672 3891 872 3972 intelligitur,
904 3892 1019 3954 sensim
1051 3913 1177 3954 eorem

68 3995 250 4073 perductam
279 4014 357 4070 esse,
385 3997 419 4056 ut
447 3994 582 4075 gentiles
606 4015 804 4056 communem
828 3992 984 4074 originem
1007 3992 1176 4056 obliuisce-

70 4101 184 4171 rentur,
219 4093 280 4156 nisi
312 4095 467 4158 maiorum
502 4096 604 4177 gloria
636 4099 667 4158 et
697 4095 800 4176 gentis
834 4094 1002 4158 nobilitate
1034 4095 1176 4158 contine-

4 4189 6 4196 ’
70 4203 184 4261 rentur.
229 4193 278 4258 Ita
309 4196 378 4259 fieri
408 4220 469 4261 non
493 4198 606 4279 potuit,
636 4197 711 4277 quin
734 4196 860 4277 patricii
883 4197 1051 4278 praecipue
1075 4197 1175 4278 genti·
