3004 5066
799 373 955 427 -52-.

323 545 425 622 attuli,
449 539 637 606 sententiam
660 543 692 602 et
714 537 791 602 satis
814 535 973 617 cognitam
997 539 1029 598 et
1050 534 1217 616 probatam
1240 555 1319 598 esse.
1366 532 1427 597 Sed

322 651 348 713 si
376 669 437 711 vox
461 650 573 728 putres
603 639 731 723 publico
755 659 812 702 usu
836 637 965 718 aliquod
991 657 1091 719 genus
1117 641 1279 700 senatores
1302 637 1426 718 signifi-

322 750 406 815 cauit
429 746 600 823 eademque
623 741 787 823 aptissima
808 745 857 804 est
879 739 951 802 talis
974 738 1100 803 concilii
1115 737 1298 820 appellatio,
1320 760 1426 802 nonne

320 853 388 916 iure
421 846 597 920 statuimus,
631 865 699 906 eam
731 842 803 906 inde
832 840 873 903 ab
896 862 933 904 eo
956 845 1108 922 tempore,
1132 840 1365 922 cumprimum
1390 840 1427 902 ad

321 951 449 1033 aliquod
486 944 624 1010 ciuitatis
661 965 774 1024 corpus
808 941 1035 1024 designandum
1069 947 1284 1023 usurparetur,
1319 941 1360 1004 ad
1396 941 1426 1002 id

321 1051 488 1118 concilium
525 1046 766 1129 significandum
802 1044 939 1126 positam
974 1066 1051 1122 esse,
1086 1043 1173 1108 cuius
1207 1045 1296 1124 quasi
1330 1044 1425 1108 heres

319 1155 454 1240 patricia
490 1154 618 1214 senatus
654 1171 728 1230 pars
765 1150 853 1211 erat?
907 1145 1005 1210 Nullo
1042 1146 1171 1228 negotio
1204 1147 1426 1228 perspicimus,

320 1255 478 1339 quomodo
499 1259 630 1336 potrum
654 1247 825 1330 appellatio
848 1271 867 1310 a
889 1252 999 1311 senatu
1023 1247 1157 1330 patricio
1181 1248 1220 1310 ad
1243 1252 1343 1312 totam
1370 1272 1427 1331 pa·

319 1359 442 1423 triciam
476 1351 675 1416 nobilitatem
708 1369 835 1414 manare
870 1349 1018 1431 potuerit.
1073 1348 1229 1423 Quoniam
1262 1353 1428 1418 senatores

319 1459 375 1536 illi,
412 1462 447 1520 ut
480 1453 669 1528 monuimus
703 1457 788 1516 recte
818 1456 850 1515 et
874 1459 984 1535 potres
1008 1457 1039 1514 et
1057 1453 1196 1534 patricii
1218 1451 1428 1534 appellaban-

318 1566 380 1635 tur,
415 1558 532 1639 quique
564 1577 601 1617 ex
632 1554 670 1617 iis
694 1558 783 1617 erant
805 1553 963 1634 prognati,
986 1553 1113 1634 patricii
1136 1553 1317 1630 audiebant,
1341 1555 1428 1636 apud

319 1661 478 1724 annalium
501 1656 671 1736 scriptores
694 1655 725 1718 in
748 1653 810 1717 illis
833 1654 940 1717 uerbis
963 1654 1150 1734 usurpandis
1167 1653 1311 1718 confusio
1324 1677 1426 1735 quae-

318 1763 390 1825 dam
412 1759 549 1841 irrepsit,
573 1761 608 1820 ut
631 1755 724 1820 ambo
748 1761 883 1836 utroque
906 1778 1000 1820 sensu
1023 1760 1225 1836 ponerentur.
1260 1756 1370 1839 Atque
1388 1761 1426 1823 ad

317 1863 401 1926 hunc
423 1859 689 1942 negligentiorem
711 1856 870 1920 scribendi
886 1879 977 1921 usum
994 1857 1244 1920 contrahendum
1259 1860 1369 1923 nescio
1387 1883 1425 1924 an

317 1968 406 2026 tanto
426 1960 649 2043 propensiores
672 1959 799 2036 fuerint,
824 1959 907 2039 quod
932 1959 1089 2036 uiderunt,
1105 1959 1137 2022 in
1156 1958 1303 2023 ciuilibus
1320 1967 1425 2025 certa-

317 2064 454 2128 minibus
481 2062 632 2144 patricios
655 2066 818 2125 senatores
840 2062 939 2124 totius
962 2061 1115 2142 patriciae
1138 2061 1315 2125 nobilitatis
1347 2087 1425 2144 pro-

316 2164 531 2246 pugnaculum
553 2163 650 2226 fuisse
674 2167 705 2225 et
728 2168 936 2243 utrorumque
961 2163 1114 2226 utilitates
1130 2168 1162 2226 et
1176 2164 1317 2228 rationes
1328 2165 1425 2246 plane

317 2266 443 2328 easdem
476 2264 584 2327 fuisse.
628 2263 716 2327 Haeo
750 2264 870 2328 nullam
901 2264 1122 2328 difficultatem
1152 2264 1315 2345 praebent.
1360 2264 1425 2330 Sed

315 2367 454 2429 nondum
487 2365 568 2428 hanc
605 2365 824 2445 quaestionem
861 2366 1040 2447 relinquere
1076 2388 1214 2448 possum.
1267 2365 1351 2430 Nam
1388 2391 1425 2432 ea

315 2467 481 2544 sententia,
516 2489 609 2547 quam
644 2467 681 2530 de
716 2467 859 2548 patribus
892 2468 1054 2549 proposui,
1089 2468 1294 2549 praecipuum
1328 2493 1422 2552 prae·

314 2569 430 2632 sidium
463 2568 617 2631 amissura
655 2568 789 2645 uidetur,
824 2569 850 2631 si
882 2570 1131 2632 demonstratum
1158 2569 1234 2647 erit,
1262 2571 1421 2636 interdum

308 2669 438 2753 problico
472 2669 622 2750 loquendi
656 2691 714 2732 usu
748 2692 812 2733 non
847 2669 949 2732 solum
980 2671 1131 2751 patricios
1162 2677 1334 2750 senatores,
1366 2675 1421 2737 sed

314 2773 410 2834 etiam
444 2793 552 2836 omnes
586 2771 792 2852 patriciarum
824 2771 967 2852 gentium
999 2772 1084 2835 uiros
1109 2780 1220 2856 potres
1244 2773 1421 2854 appellatos

313 2893 390 2934 esse.
439 2870 489 2934 Ne
521 2872 635 2953 longus
666 2873 751 2950 fiam,
782 2873 828 2936 ita
858 2895 925 2936 rem
957 2874 1105 2954 expedire
1137 2874 1285 2952 conabor,
1318 2881 1352 2938 ut
1384 2898 1421 2938 ea

312 2995 487 3054 proponam
517 2980 548 3039 et
580 2975 768 3053 examinem,
801 2999 881 3056 quae
915 2977 953 3039 de
985 2977 1044 3040 hac
1068 2976 1252 3056 quaestione
1282 2975 1418 3040 Momm·

311 3096 366 3136 sen
400 3076 542 3154 protulit.
596 3077 713 3154 Credit,
750 3077 927 3158 posteriore
967 3083 1071 3141 aetate
1106 3077 1235 3159 publico
1269 3078 1418 3160 loquendi

313 3196 369 3236 usu
402 3196 526 3257 semper
552 3186 665 3261 potres
694 3179 844 3259 patricios
867 3183 1029 3242 senatores
1052 3179 1149 3243 fuisse
1164 3179 1181 3242 ¹.
1228 3180 1319 3255 Quod
1342 3204 1418 3245 uero

310 3276 394 3356 apud
427 3277 599 3358 scriptores
633 3301 697 3341 non
729 3301 802 3342 raro
832 3285 938 3360 patres
970 3280 1122 3361 scriptum
1153 3287 1210 3359 est,
1235 3283 1287 3346 ubi
1313 3285 1418 3346 omnia

308 3377 463 3457 patriciae
497 3378 674 3443 nobilitatis
707 3401 759 3442 res
791 3381 904 3461 agitur,
936 3380 997 3445 hoc
1025 3403 1063 3444 ex
1090 3382 1211 3446 duabus
1235 3385 1338 3448 causis
1361 3385 1416 3447 de-

310 3476 492 3541 clarandum
525 3483 617 3560 putat
629 3478 650 3557 ²,
683 3501 753 3544 cum
787 3502 825 3543 ex
859 3482 1012 3562 patriciae
1045 3482 1221 3547 nobilitatis
1253 3490 1285 3547 et
1316 3486 1415 3567 patri-

309 3578 431 3641 ciorum
465 3586 648 3644 senatorum
681 3582 833 3645 societate
864 3583 897 3644 in
930 3583 1023 3663 plebe
1057 3585 1240 3662 coercenda,
1275 3589 1344 3650 tum
1378 3609 1416 3650 ex
1496 3647 1497 3678 ,

307 3678 362 3742 illo
400 3682 579 3761 antiquiore
613 3681 763 3762 loquendi
796 3704 894 3761 more,
935 3707 1029 3764 quern
1063 3685 1262 3749 seruauerint
1296 3688 1414 3752 duode-

308 3781 369 3842 cim
403 3782 541 3846 tabulae.
586 3782 670 3846 Nam
703 3788 738 3846 ut
771 3783 949 3848 Mommsen
977 3794 1090 3868 potres
1123 3791 1264 3850 ueterum
1298 3789 1414 3852 ciuium
1496 3797 1497 3866 ζ

307 3882 515 3962 originarium
538 3883 653 3947 nomen
675 3883 773 3946 fuisse
796 3884 875 3963 uult,
898 3885 943 3948 ita
966 3887 1033 3949 eius
1056 3887 1102 3950 rei
1125 3887 1309 3952 memoriam
1333 3891 1413 3973 legi·
1495 3883 1497 3888 ’

305 3981 364 4044 bus
388 3983 553 4047 duodecim
575 3984 756 4047 tabularum
779 3991 938 4049 seruatam
961 3987 1111 4052 decreuit.
1152 3986 1327 4055 Uideamus
1351 4016 1414 4073 quo

310 4086 512 4095 -----

412 4104 421 4146 ¹'
439 4123 478 4168 sa
497 4122 536 4167 111
555 4137 579 4181 p.
602 4125 638 4167 14.

410 4200 502 4252 ²1bid.
522 4221 547 4266 p.
569 4208 599 4252 15
619 4207 676 4252 adn.
698 4209 718 4252 1.
