3004 5066
786 439 944 490 ..54—

314 599 438 663 etiamsi
459 599 520 662 hoc
542 603 628 662 recte
651 600 692 663 sit
714 605 941 682 computatum,
964 622 1028 663 non
1050 600 1158 663 statim
1182 599 1281 680 sequi,
1304 604 1339 662 ut
1365 599 1423 662 illa

235 773 239 782 ,
313 723 375 763 uox
398 700 437 762 ab
460 700 551 763 initio
575 701 707 764 eundem
730 723 856 765 sensum
878 701 1035 765 habuerit.
1074 698 1136 764 Sed
1150 699 1211 763 hoc
1227 700 1329 777 mitto,
1344 722 1424 762 nam

312 801 368 864 illa
389 801 600 872 ratiocinatio,
629 825 723 883 quam
746 803 877 880 tentaui,
900 825 964 866 non
987 823 1024 865 ea
1047 807 1104 879 est,
1128 823 1208 882 quae
1231 805 1316 864 recte
1341 823 1422 864 con-

313 903 425 966 sistere
447 903 557 984 possit.
602 901 693 966 Nihil
715 908 772 981 est,
797 925 851 967 cur
873 908 1030 984 putemus,
1052 901 1122 966 Gaii
1138 902 1236 965 uerba
1252 903 1291 964 ad
1312 901 1424 983 legem

313 1005 351 1067 de
375 1004 531 1067 connubio
554 1004 652 1068 latam
674 1009 828 1085 spectare.
872 1003 1048 1068 Duodecim
1071 1003 1198 1067 tabulae
1222 1025 1275 1065 eas
1292 1025 1422 1083 quoqne

312 1105 399 1186 leges
421 1105 590 1183 habebant,
615 1128 694 1186 quae
718 1106 757 1169 ad
780 1106 940 1169 ciuitatem
964 1105 1138 1186 regundam
1160 1105 1370 1186 pertinerent,
1389 1109 1425 1166 ut

313 1207 493 1270 occasiones
517 1229 579 1271 non
603 1208 749 1270 deessent
764 1208 802 1271 de
817 1206 910 1288 plebe
927 1207 1119 1275 mentionem
1132 1206 1277 1269 faciendi.
1306 1204 1422 1286 Itaque

312 1331 351 1371 ne
374 1309 405 1372 id
429 1309 553 1390 quidem
578 1331 632 1372 cur
655 1310 819 1372 credamus
842 1308 907 1371 ulla
930 1331 1024 1371 causa
1047 1312 1105 1384 est,
1128 1307 1160 1370 in
1180 1308 1350 1371 duodecim
1372 1313 1422 1370 ta-

312 1408 395 1472 bulis
414 1418 526 1492 putres
549 1410 701 1491 scriptum
724 1410 831 1484 fuisse,
859 1409 913 1473 ubi
937 1410 974 1472 de
997 1409 1139 1491 patriciis
1163 1409 1312 1490 gentibus
1336 1413 1424 1471 esset

313 1511 488 1573 dicendum.
526 1509 627 1574 lmmo
650 1512 677 1574 si
700 1512 936 1592 sumpserimus,
954 1509 1124 1588 Ciceronis,
1141 1511 1235 1587 Liuii,
1257 1509 1316 1574 Gai
1331 1510 1423 1574 locos

313 1634 421 1675 omnes
445 1613 555 1676 eodem
578 1617 731 1694 spectare,
754 1613 860 1694 potius
883 1612 925 1675 sit
941 1613 1141 1688 credendum,
1154 1635 1211 1693 per
1222 1612 1328 1694 legem
1340 1613 1422 1675 duo·
1485 1627 1486 1635 ¹

313 1713 411 1775 decim
436 1713 616 1776 tabularum
639 1714 825 1795 impeditum
849 1736 927 1789 esse,
951 1737 990 1777 ne
1014 1715 1094 1795 quie,
1112 1713 1166 1794 qui
1182 1714 1313 1778 cuiusue
1329 1715 1423 1796 pater

313 1836 432 1877 anusue
465 1815 548 1878 inter
581 1815 733 1895 patricios
767 1819 850 1878 esset
882 1815 1004 1892 fuisset,
1036 1814 1200 1878 mulierem
1231 1815 1368 1896 eplebe
1391 1815 1422 1876 in

315 1915 551 1978 matrimonium
575 1917 704 1979 duceret
726 1917 933 1997 uirginemue,
951 1939 1045 1997 quam
1061 1916 1093 1978 in
1113 1938 1170 1978 sua
1184 1920 1347 1997 potestate
1364 1916 1421 1978 ha-

312 2015 411 2092 beret,
443 2016 568 2098 plebeio
599 2017 719 2080 homini
749 2018 868 2081 nubere
891 2018 1018 2094 sineret,
1043 2021 1097 2080 ant
1121 2016 1275 2080 eiusmodi
1299 2017 1422 2098 aliquid

313 2118 346 2179 in
368 2118 485 2180 tabulis
508 2119 616 2181 fuisse.
654 2117 738 2182 Nam
761 2121 788 2182 si
810 2119 922 2182 Liuius
946 2120 1074 2196 errauit,
1091 2141 1154 2182 non
1169 2119 1420 2194 mirandum'est,

313 2218 367 2298 qui
393 2219 484 2282 initio
511 2219 585 2281 libri
613 2221 728 2300 quarti,
751 2220 804 2283 ubi
829 2222 867 2284 de
891 2219 1033 2284 Canuleii
1057 2219 1278 2300 rogationibus
1301 2224 1435 2303 narrat,¹

312 2323 378 2380 tam
400 2319 500 2382 multa
522 2319 693 2400 scripserit,
718 2343 797 2402 quae
822 2323 875 2384 uix
898 2321 997 2384 ullum
1013 2343 1141 2384 sensum
1156 2320 1305 2384 babeant.
1342 2319 1420 2384 Gaio

314 2457 351 2465 —-
375 2420 402 2482 si
425 2421 552 2484 tandem
574 2421 629 2484 illa
651 2422 750 2488 uerba
773 2424 810 2486 de
834 2423 991 2486 connubio
1015 2422 1099 2485 inter
1120 2426 1227 2504 patres
1247 2427 1279 2485 et
1293 2421 1421 2503 plebem
1485 2456 1486 2460 =

311 2521 473 2602 prohibito
504 2523 678 2602 loquuntur
706 2560 736 2566 —
764 2524 864 2587 multo
893 2525 964 2606 plus
992 2523 1192 2586 auctoritatis
1214 2523 1418 2586 tribuendum

311 2627 369 2684 est.
414 2621 459 2686 Ut
490 2623 574 2686 enim
604 2625 780 2705 putandum
808 2630 865 2701 est,
894 2647 965 2688 eum
987 2624 1193 2688 historiarum
1216 2645 1419 2687 romanarum

311 2723 396 2786 haud
418 2725 601 2806 imperitum
624 2725 731 2803 fuisse,
755 2727 800 2789 ita
823 2731 908 2791 certe
932 2727 996 2789 suis
1012 2725 1112 2806 ipsius
1128 2725 1228 2788 oculis
1241 2724 1329 2806 leges
1343 2725 1418 2787 duo·

311 2825 411 2888 decim
444 2826 625 2888 tabularum
656 2828 939 2908 peruestigauerat.
985 2826 1098 2908 Neque
1125 2826 1306 2890 ullomodo
1332 2825 1418 2906 cogi·

311 2926 373 2988 tari
404 2930 519 3008 potest,
553 2949 626 2990 eum
652 2933 717 2991 tam
742 2951 870 2992 caecum
892 2929 1001 3006 fuisse,
1025 2932 1070 3006 ut,
1094 2949 1164 3010 cum
1187 2927 1220 2989 in
1242 2927 1313 3008 lege
1338 2927 1419 2989 inter

311 3027 439 3108 plebem
470 3033 502 3090 et
532 3033 639 3108 patres
667 3029 925 3111 distingueretur,
948 3031 1031 3093 inter
1053 3028 1178 3109 plebem
1203 3033 1234 3092 et
1257 3032 1418 3091 senatores

313 3128 495 3192 distinctum
520 3151 588 3192 esse
611 3130 707 3193 fuerit
730 3131 882 3207 dicturus,
906 3131 966 3194 nisi
988 3130 1044 3193 illo
1067 3130 1137 3193 loco
1161 3130 1198 3192 de
1219 3128 1417 3192 senatoribus

311 3229 454 3309 patriciis
484 3231 603 3293 mentio
626 3230 710 3294 facta
733 3236 825 3294 esset.
871 3230 992 3295 Uerum
1015 3231 1202 3312 persuasum
1222 3230 1339 3307 habeo,
1364 3227 1419 3292 Gai

312 3330 412 3392 uerba
443 3329 506 3394 alio
538 3335 696 3412 spectare3
728 3355 801 3394 nam
824 3332 851 3394 si
874 3333 911 3396 de
934 3332 1036 3414 plebis
1060 3335 1092 3395 et
1114 3336 1241 3413 patrum
1264 3327 1417 3412 coniugiis

313 3431 389 3512 agit,
423 3432 560 3514 primum
594 3420 830 3498 concedendum
861 3438 918 3511 est,
952 3456 1024 3496 eum
1053 3433 1157 3496 minus
1181 3437 1327 3496 accurate
1352 3434 1417 3494 sinc

311 3534 513 3597 serenioribus
536 3534 709 3614 scripsisse,
726 3552 806 3598 'cum
821 3535 1021 3598 scribendum
1039 3539 1123 3598 esset
1138 3537 1207 3597 1111
1220 3532 1417 3597 senatoribus

311 3655 480 3717 cormnqoc
501 3633 652 3714 faradin,
675 3639 743 3698 tum
760 3673 797 3682 —-
815 3637 900 3716 qnod
922 3636 1025 3700 minus
1048 3635 1221 3698 uerisimile
1237 3634 1365 3697 uidetur
1383 3669 1414 3678 -

311 3757 384 3798 eum
409 3734 649 3811 existimauisse,
674 3737 925 3801 decemuirorum
949 3741 1053 3800 aetate
1075 3735 1197 3799 nullum
1214 3735 1311 3798 alium
1327 3755 1414 3798 sena·

312 3841 381 3898 tum
403 3835 510 3912 fuisse,
535 3859 630 3915 quam
651 3836 741 3900 illum
764 3839 942 3920 patricium.
980 3837 1054 3902 Alio
1077 3837 1147 3901 loco
1171 3835 1268 3900 Gaius
1283 3837 1333 3900 his
1346 3857 1414 3898 uer-

312 3937 371 4013 bis,
395 3936 484 4018 plebs
508 3957 588 4016 quae
611 3937 661 4014 sit,
686 3938 830 4002 definit¹:
858 3939 962 4022 plebis
985 3939 1201 4022 appellatione
1224 3940 1292 4000 sine
1309 3938 1414 4022 putri·

314 4039 374 4100 ciis
408 4041 503 4099 ceteri
537 4039 621 4101 ciues
654 4039 891 4122 sipnz'ficontnr,
927 4044 962 4102 nt
993 4039 1141 4116 declaret,
1174 4061 1309 4119 quorum
1332 4040 1413 4102 iussu

418 4239 426 4269 ¹
445 4245 529 4290 Instit.
550 4243 562 4288 I
581 4246 604 4290 3.
