3004 5066
783 321 939 374 *40—

308 483 506 546 senatoribus
540 483 579 546 ad
611 481 747 546 familias
781 504 889 546 eorum
919 481 1072 562 paulatim
1095 503 1163 546 esse
1186 483 1348 559 translata,
1372 485 1417 547 ita

308 586 413 666 pergit
425 584 448 647 ¹:
476 583 551 647 “Als
573 607 638 648 nun
658 584 757 648 durch
773 585 823 647 die
839 589 1035 664 sogenaunte
1052 582 1271 648 Servianische
1287 583 1416 648 Reform

308 687 365 748 der
394 685 478 748 alten
509 685 739 766 Bfirgersohaft
767 686 818 748 ein
848 706 945 749 neuer
967 683 1188 750 Bestandtheil
1210 685 1417 767 hinzugefflgt

307 787 423 862 wurde,
456 809 522 849 war
553 809 586 852 es
617 787 776 850 nattirlich
797 787 861 850 und
884 786 1056 868 cigentlioh
1078 787 1148 850 eine
1170 786 1416 851 uuabweisliche

306 885 599 970 Nothwendiglreit‚
634 889 704 951 dass
738 889 793 951 der
824 888 887 952 alte
919 887 1011 952 Theil
1041 887 1216 963 darselben‚
1240 889 1295 952 der
1317 889 1418 952 durch

307 989 370 1052 das
393 991 444 1051 ius
466 989 619 1052 honorum
649 989 713 1052 und
735 990 851 1052 andere
875 987 996 1052 Rechte
1019 989 1079 1052 den
1102 1009 1163 1052 neu
1185 988 1414 1071 hinzugekom·

307 1112 418 1153 menen
451 1089 629 1154 bedeuteud
661 1089 833 1171 iiberlegen
865 1113 941 1165 war,
973 1089 1054 1154 auch
1081 1089 1180 1153 durch
1208 1091 1268 1153 den
1291 1089 1416 1154 Namen
1459 1129 1462 1146 ι

306 1191 374 1254 sich
406 1214 468 1254 von
497 1192 556 1254 den
583 1191 735 1256 letzteren
758 1191 1001 1254 unterscheidon
1023 1195 1152 1254 musste.
1180 1233 1213 1238 —
1240 1231 1279 1238 —
1304 1229 1342 1236 -
1368 1191 1417 1255 Da

306 1293 359 1374 lag
387 1294 478 1369 donn,
508 1293 568 1354 wie
595 1293 656 1354 mir
678 1292 810 1369 scheint‚
834 1292 938 1355 nichts
961 1291 1069 1368 nither,
1093 1292 1139 1355 als
1162 1293 1233 1356 dass
1257 1293 1307 1356 die
1332 1294 1417 1356 alten

306 1393 429 1474 Burger
462 1394 537 1460 denr
553 1415 613 1456 neu
644 1393 980 1474 hinzugckommenen
1004 1394 1063 1456 den
1087 1395 1172 1456 ciues
1194 1396 1318 1456 novicii
1342 1393 1417 1458 oder

300 1495 419 1578 plebeii
449 1495 632 1576 gegentiber
663 1495 730 1558 sich
760 1495 806 1558 als
835 1498 920 1558 ciues
939 1497 1077 1577 patricii
1098 1494 1336 1559 bezeichneten.
1382 1494 1416 1558 In

306 1597 361 1659 der
392 1595 476 1659 That
506 1595 568 1676 gab
600 1617 632 1658 es
663 1596 757 1660 kaum
790 1597 841 1660 ein
864 1595 971 1671 Wmt,
995 1596 1050 1658 das
1074 1595 1190 1682 einmal
1212 1597 1272 1660 den
1296 1595 1415 1660 Uuter-

305 1697 412 1761 schied
444 1697 547 1778 angab
578 1698 642 1760 und
673 1698 822 1760 aweitens
852 1697 930 1760 auch
955 1697 1005 1760 die
1029 1697 1246 1761 ehrenvollere
1269 1695 1417 1778 Stellung

304 1799 495 1874 hervorhob‚
529 1798 669 1862 insofern
703 1799 782 1862 eben
813 1821 873 1862 nur
904 1821 959 1862 aus
992 1799 1047 1862 der
1077 1798 1162 1862 alten
1184 1797 1416 1879 Burgerschait

305 1901 353 1962 die
382 1907 504 1982 potres,
538 1900 593 1963 die·
622 1897 806 1976 Senatoren‚
840 1899 1060 1981 hervorgehen
1091 1900 1261 1962 konnten.“
1315 1900 1414 1976 Haec,

305 2023 384 2082 quae
407 2001 555 2064 disseruit
578 1999 792 2078 Christensen,
815 2001 937 2064 uariam
952 2000 1031 2063 mihi
1048 1999 1325 2080 reprehensionem
1348 2024 1414 2064 mo-

304 2124 377 2164 uere
400 2103 555 2166 uidentur.
600 2101 742 2165 Primum
764 2125 827 2165 non
849 2123 976 2183 possum
1001 2102 1190 2178 discernere,
1215 2123 1270 2166 cur
1285 2123 1414 2166 necesse

304 2205 354 2279 sit,
386 2202 513 2282 aliquod
542 2203 732 2266 uocabulum
755 2203 969 2284 excogitatum
993 2225 1071 2280 esse,
1096 2225 1157 2283 quo
1180 2207 1304 2267 ueteres
1328 2204 1413 2267 ciues

304 2305 434 2366 anonis
457 2304 734 2384 distinguerentur.
779 2303 830 2366 An
853 2326 924 2366 raro
948 2304 1072 2380 accidit,
1095 2309 1130 2366 ut
1153 2305 1206 2384 qui
1226 2305 1265 2366 ad
1281 2306 1413 2367 eandem

304 2405 464 2467 ciuitatem
484 2404 645 2485 pertinent
661 2427 769 2468 omnes
786 2406 896 2468 eodem
911 2406 1038 2468 nomine
1054 2405 1281 2485 significentur,
1299 2407 1412 2469 etiam-

302 2506 329 2568 si
351 2505 457 2568 multis
481 2527 518 2568 ac
541 2505 673 2569 diuersis
696 2506 773 2568 iuris
801 2505 950 2587 gradihus
977 2509 1130 2569 utuntur?
1175 2504 1287 2586 Neque
1320 2507 1411 2587 quid-

302 2630 396 2688 quam
428 2607 537 2670 ualent
569 2607 658 2683 haec,
692 2629 772 2688 quae
795 2608 834 2670 ad
857 2608 1046 2670 sententiam
1070 2629 1158 2670 suam
1181 2606 1412 2671 defendendam

301 2709 384 2772 inter
406 2721 443 2771 ea
465 2709 598 2771 inseruit
621 2707 835 2785 Christensem
859 2731 939 2789 quae
959 2731 1055 2789 supra
1070 2708 1236 2789 exscripsi:
1264 2709 1410 2772 “Erhiel-

218 2853 221 2856 -
300 2815 353 2872 ten
376 2809 457 2872 doch
481 2809 561 2873 auch
584 2809 633 2872 die
657 2809 815 2892 Plebejer‚
839 2810 888 2872 die
913 2810 996 2872 beim
1012 2808 1160 2890 Anfange
1176 2809 1231 2872 der
1249 2808 1411 2890 Republik

299 2912 332 2973 in
355 2912 415 2974 den
438 2909 535 2974 Sonat
558 2912 801 2993 aufgenommen
823 2913 962 2988 wurden‚
987 2912 1078 2974 einen
1101 2911 1240 2974 anderen
1256 2910 1353 2990 Titel,
1366 2913 1410 2974 als

299 3013 349 3075 die
372 3013 456 3076 alten
473 3017 615 3094 potres.“
655 3013 894 3093 Antiquissimis
917 3011 1114 3092 temporibus
1136 3015 1263 3092 patrum
1278 3035 1410 3076 munera

298 3119 364 3176 tam
398 3114 521 3176 diuersa
555 3119 645 3176 eraut
676 3114 716 3176 ab
747 3115 796 3188 iis,
829 3113 942 3193 quibus
969 3113 1086 3193 plebeii
1109 3118 1271 3176 senatores
1294 3113 1408 3195 funge-

298 3215 423 3290 bantur,
447 3220 481 3278 ut
503 3215 590 3278 nulla
611 3216 707 3278 fuisse
730 3215 876 3277 uideatur
898 3214 990 3291 ratio,
1014 3237 1069 3278 cur
1091 3214 1124 3277 hi
1139 3219 1265 3296 patrum
1280 3217 1414 3278 nomine

299 3315 548 3396 designarentur.
594 3315 683 3390 Quod
706 3315 866 3378 annalium
890 3316 1061 3397 scriptores
1083 3320 1190 3396 patres
1213 3315 1339 3396 regium
1359 3339 1407 3380 se-

298 3421 406 3478 natum
436 3416 533 3480 fuisse
565 3419 688 3491 docent,
721 3417 781 3480 hoc
808 3416 943 3480 forsitan
965 3421 1051 3480 recte
1074 3417 1281 3492 coniecerint3
1304 3439 1407 3498 neque

298 3521 406 3580 tamen
428 3517 506 3582 illud
528 3519 718 3583 uocabulum
733 3518 852 3582 sufficit
867 3519 906 3581 ad
922 3519 1028 3582 omnia
1042 3523 1168 3600 patrum
1184 3517 1290 3582 officia
1301 3519 1407 3600 desig-

297 3619 413 3693 nanda3
442 3623 474 3681 et
501 3625 642 3701 apparet,
672 3620 857 3702 posterioris
885 3621 1038 3700 temporis
1061 3642 1112 3682 res
1134 3619 1197 3682 illis
1221 3619 1405 3684 obuersatas

297 3741 375 3795 esse,
410 3743 471 3800 quo
503 3721 586 3783 inter
617 3727 742 3802 patrum
774 3743 904 3783 munera
933 3742 969 3782 ea
992 3725 1082 3783 erant
1104 3719 1301 3800 grauissima,
1326 3742 1404 3801 quae

296 3820 345 3883 his
368 3843 438 3883 cum
463 3823 575 3885 ceteris
598 3822 796 3886 senatoribus
813 3826 903 3884 erant
919 3821 1105 3884 communia.
1135 3818 1288 3884 Ueterum
1300 3825 1404 3884 autem

296 3927 328 3984 et
360 3943 515 3985 nouorum
548 3925 664 3986 ciuium
695 3924 757 3986 alia
786 3923 868 3986 ratio
899 3927 981 3996 erat3
1011 3922 1043 3983 in
1065 3921 1200 4002 publicis
1222 3921 1403 3985 muneribus

296 4023 449 4086 obeundis
472 4025 567 4103 nulla,
592 4026 675 4106 quod
698 4025 805 4101 sciam,
828 4025 911 4087 inter
933 4023 1075 4104 plebeios
1100 4027 1131 4086 et
1152 4022 1304 4103 patricios
1320 4023 1403 4086 ciues

399 4159 407 4186 ¹
426 4177 450 4221 p.
472 4128 510 4209 tt.
