3004 5066
664 399 908 450 1-88-

279 581 372 640 quam
401 559 527 624 Liuium
550 563 605 624 aut
627 559 823 641 negligentia
845 565 900 624 aut
922 561 1089 626 breuitatis
1112 560 1215 625 studio
1240 581 1389 622 commo-

278 665 344 724 tum
379 659 510 724 clientes
544 661 698 738 omisisse,
733 683 923 742 quamquam
955 661 995 724 ab
1025 667 1153 726 auctore
1181 662 1249 724 eius
1272 681 1387 723 eorum

278 761 397 825 mentio
425 766 508 826 esset
535 762 629 826 facta.
675 761 914 836 duodLiuium
937 763 1050 826 fecisse
1073 762 1289 827 tantominus
1313 783 1388 824 cre-

279 862 390 938 dimus,
424 863 498 944 quia
524 867 633 944 aperte
656 863 742 940 dicit,
766 862 886 927 nullum
909 885 1059 944 umquam
1081 864 1236 928 minorem
1259 863 1388 926 exerci-

278 968 345 1027 tum
368 964 471 1028 exisse
494 969 526 1028 et
548 963 665 1028 Fabios
689 964 887 1046 egredientes
904 987 922 1027 a
938 969 1146 1046 cognatorum
1164 963 1389 1044 sodaliumque

278 1064 372 1128 turba
403 1065 443 1128 ad
473 1070 599 1147 portam
631 1066 781 1129 deductos
812 1065 898 1129 facit.
943 1064 988 1129 At
1019 1065 1102 1128 enim
1131 1065 1263 1128 clientes
1286 1069 1319 1128 et
1343 1064 1388 1128 ab
1477 1071 1478 1074 ’

279 1165 349 1228 aliis
372 1166 581 1247 scriptoribus
604 1165 721 1230 Fabios
744 1167 844 1230 secuti
867 1166 1013 1230 dicuntur
1027 1166 1045 1229 ¹.
1089 1165 1179 1230 Esto.
1217 1164 1280 1230 Sed
1302 1164 1390 1229 nihil

279 1267 311 1329 in
340 1289 430 1330 mora
458 1272 515 1345 est,
544 1269 711 1348 quominus
743 1272 775 1331 et
804 1267 861 1332 hos
893 1267 1103 1332 deterioribus
1134 1267 1275 1333 fontibus
1307 1289 1388 1330 usos

279 1369 461 1432 iudicemus.
506 1368 640 1433 Accedit
671 1370 755 1450 quod
786 1369 825 1432 de
856 1391 913 1432 sex
944 1373 976 1432 et
1006 1369 1158 1433 trecentis
1187 1368 1295 1432 Fabiis
1319 1391 1389 1433 non

279 1469 458 1532 dubitatum
481 1491 550 1534 esse
572 1470 706 1534 uidetur.
752 1469 922 1534 Clientium
944 1493 1021 1536 uero
1043 1492 1201 1547 numerus,
1218 1472 1272 1552 qui
1288 1471 1388 1535 credo

280 1593 299 1632 a
325 1569 480 1652 Dionysio
512 1575 636 1635 tantum
664 1576 695 1635 et
723 1570 819 1634 Festo
846 1571 913 1634 siue
944 1572 1050 1653 potius
1082 1571 1292 1652 epitomatore
1315 1573 1388 1636 eius

280 1670 352 1734 libri
383 1672 518 1736 traditus
550 1676 607 1749 est,
640 1695 704 1736 non
734 1673 818 1736 idem
849 1673 932 1754 apud
963 1673 1073 1736 ambos
1105 1673 1252 1737 occurrit.
1297 1672 1388 1737 Nam

280 1771 395 1835 Paulus
417 1796 448 1854 p.
471 1775 533 1836 335
556 1774 658 1850 docet,
681 1796 737 1837 sex
760 1779 792 1839 et
813 1778 974 1839 trecentos
998 1772 1115 1837 Fabios
1132 1795 1202 1837 cum
1219 1774 1387 1838 clientium

280 1873 406 1936 milibus
439 1874 577 1955 quinque
611 1875 761 1938 aduersus
792 1880 935 1938 etruscos
968 1896 1123 1956 egressos.
1169 1875 1272 1949 Quare
1304 1875 1387 1939 mihi

279 1976 464 2056 persuaded
488 1997 541 2039 eos
565 1977 746 2057 scriptores,
770 1977 823 2058 qui
846 1975 1008 2040 clientium
1028 1976 1222 2040 mentionem
1237 1976 1386 2055 iecerint,

280 2098 387 2139 eorum
411 2098 577 2140 numerum
599 2077 841 2141 ratiocinatione
861 2078 996 2158 quadam
1012 2077 1153 2154 finxisse,
1168 2099 1231 2141 non
1247 2100 1267 2140 a
1281 2079 1386 2141 maio-

280 2178 366 2240 ribus
390 2178 558 2260 accepisse.
603 2177 710 2260 Atque
733 2179 861 2242 omnino
884 2180 922 2242 de
944 2179 1153 2260 patriciorum
1174 2183 1205 2242 et
1221 2178 1387 2242 clientium

280 2278 498 2343 communibus
523 2280 777 2360 expeditionibus
801 2280 912 2344 eodem
930 2281 1024 2344 modo
1040 2280 1242 2344 iudicandum
1258 2301 1385 2344 censeo.

280 2377 370 2452 Quod
401 2402 477 2443 uero
507 2379 618 2444 Liuius
647 2382 798 2462 patricios
820 2382 853 2444 in
876 2381 1013 2445 comitiis
1037 2381 1200 2444 clientium
1223 2381 1387 2462 suffragiis

281 2479 403 2543 adiutos
430 2480 517 2558 facit,
546 2483 639 2545 credo
670 2503 742 2545 eum
767 2483 812 2545 ita
828 2482 1027 2546 declaratum
1051 2481 1201 2558 uoluisse,
1225 2483 1387 2563 quomodo

280 2580 397 2646 factum
429 2586 522 2659 esset,
554 2589 589 2646 ut
614 2583 742 2664 patricii
764 2605 827 2647 non
849 2584 958 2647 statim
981 2583 1162 2647 abundante
1185 2583 1388 2664 plebeiorum

280 2704 410 2745 numero
443 2683 661 2748 obruerentur.
706 2684 750 2748 Et
781 2706 972 2764 quamquam
994 2685 1026 2747 in
1049 2683 1109 2748 hac
1132 2705 1167 2747 re
1189 2683 1278 2748 nulla
1300 2685 1386 2748 anti-

280 2783 410 2871 quitatis
433 2785 615 2848 testimonia
638 2785 705 2849 siue
728 2786 757 2848 ei
777 2786 844 2849 siue
860 2785 1042 2848 auctoribus
1058 2785 1125 2849 eius
1141 2789 1270 2866 praesto
1286 2786 1387 2850 fuisse

281 2889 366 2964 pute,
389 2889 497 2948 tamen
518 2887 595 2950 satis
618 2887 790 2951 uerisimile
812 2887 937 2950 uidetur
959 2887 991 2949 in
1010 2886 1218 2968 patriciorum
1234 2891 1267 2949 et
1281 2886 1387 2968 plebis

280 2986 535 3050 contentionibus
565 2987 764 3068 plebeiorum
795 2987 932 3069 aliquam
964 2991 1088 3068 partem
1118 3009 1191 3051 cum
1220 2986 1284 3051 illis
1308 3009 1387 3052 con-

280 3086 425 3166 spirasse.

381 3185 491 3268 ltaque
524 3212 594 3253 cum
625 3191 797 3271 scriptores
820 3190 941 3270 antiqui
964 3189 1095 3253 clientes
1118 3189 1328 3272 patriciorum
1351 3190 1386 3252 in

279 3287 414 3368 publicis
444 3289 538 3352 rebus
566 3313 637 3354 suas
661 3296 693 3354 et
714 3291 858 3372 proprias
881 3295 987 3372 partes
1011 3295 1143 3372 agentes
1166 3290 1297 3368 faciunt,
1321 3313 1387 3354 non

280 3388 324 3451 ita
357 3393 540 3469 comparata
574 3395 655 3468 sunt,
688 3415 767 3472 quae
796 3397 935 3469 narrant,
962 3396 998 3455 ut
1019 3391 1183 3468 historiae,
1206 3413 1287 3472 quae
1310 3414 1386 3455 uere

280 3493 487 3575 appellentur,
520 3494 624 3577 putari
657 3493 789 3575 possint.
833 3491 870 3556 Id
899 3498 1023 3556 tantum
1053 3497 1198 3557 constare
1226 3493 1386 3571 existimo,

280 3616 333 3658 eos
357 3595 564 3673 existimasse,
588 3602 619 3659 et
635 3596 765 3659 clientes
780 3594 922 3676 plebeios
937 3594 1034 3658 fuisse
1045 3592 1066 3657 2.
1090 3593 1134 3658 Et
1150 3594 1300 3674 quoniam
1314 3593 1385 3675 ple-

386 3797 394 3826 ¹
414 3802 510 3848 Paulus
529 3815 553 3860 p.
574 3802 622 3848 335
643 3800 782 3857 (Scelerata
802 3801 895 3859 porta).
933 3799 1032 3846 Gellius
1051 3799 1080 3846 N.
1101 3801 1129 3846 A.
1149 3798 1220 3844 XVII
1239 3799 1278 3844 21.
1313 3797 1385 3843 Seru.

280 3885 312 3930 ad
333 3886 394 3932 Aen.
414 3885 525 3932 v1845.
560 3885 629 3931 Fest.
648 3899 673 3943 p.
694 3886 742 3932 285
771 3884 916 3942 (Religioni)
945 3897 991 3930 sex
1018 3888 1044 3930 et
1071 3883 1181 3930 trecenti
1212 3882 1285 3928 Fabii
1314 3895 1384 3927 oom-

280 3973 467 4028 memorantur,
487 3970 620 4015 clientium
640 3969 711 4014 nulle
729 3971 758 4014 fit
776 3970 881 4014 mentio.

380 4047 531 4112 ¹²Fuerunt,
558 4053 602 4112 qni
630 4053 780 4098 huiusmodi
807 4053 998 4098 narrationibus
1023 4052 1094 4098 ducti
1113 4052 1221 4097 clientes
1240 4051 1313 4096 initio
1332 4064 1383 4095 non

279 4138 329 4196 ipsi
348 4137 446 4182 ciuitati
466 4137 583 4182 militiam
605 4138 767 4195 praestitisse
787 4138 929 4196 crederent,
949 4137 995 4182 sed
1014 4149 1061 4182 suo
1075 4135 1186 4195 quisque
1199 4136 1309 4193 patrono
1324 4145 1383 4179 cnm

280 4221 443 4266 oboedientia
462 4221 575 4266 deuincti
594 4225 688 4281 essent,
707 4221 811 4268 illorum
830 4223 846 4268 i.
865 4235 886 4268 e.
905 4221 1075 4280 patriciorum
1094 4221 1119 4265 in
1133 4219 1383 4265 comitatuarmatoe
