<?xml version="1.0" encoding="UTF-8"?>
<!DOCTYPE html PUBLIC "-//W3C//DTD XHTML 1.0 Transitional//EN"
    "http://www.w3.org/TR/xhtml1/DTD/xhtml1-transitional.dtd">
<html xmlns="http://www.w3.org/1999/xhtml" xml:lang="en" lang="en">
 <head>
  <title>
</title>
<meta http-equiv="Content-Type" content="text/html;charset=utf-8" />
  <meta name='ocr-system' content='tesseract 3.04.00' />
  <meta name='ocr-capabilities' content='ocr_page ocr_carea ocr_par ocr_line ocrx_word'/>
</head>
<body>
  <div class='ocr_page' id='page_1' title='image "./deoriginegentiu00staagoog_0013.png"; bbox 0 0 3004 5066; ppageno 0'>
   <div class='ocr_carea' id='block_1_1' title="bbox 577 427 713 479">
    <p class='ocr_par' dir='ltr' id='par_1_1' title="bbox 577 427 713 479">
     <span class='ocr_line' id='line_1_1' title="bbox 577 427 713 479; baseline 0.015 -19"><span class='ocrx_word' id='word_1_1' title='bbox 577 427 713 479; x_wconf 72' lang='grc'>,7.-</span> 
     </span>
    </p>
   </div>
   <div class='ocr_carea' id='block_1_2' title="bbox 87 585 1239 4207">
    <p class='ocr_par' dir='ltr' id='par_1_2' title="bbox 87 585 1239 3196">
     <span class='ocr_line' id='line_1_2' title="bbox 87 585 1199 669; baseline 0.003 -21"><span class='ocrx_word' id='word_1_2' title='bbox 87 585 169 648; x_wconf 90' lang='lat' dir='ltr'>tatio</span> <span class='ocrx_word' id='word_1_3' title='bbox 201 585 228 648; x_wconf 92' lang='lat' dir='ltr'>si</span> <span class='ocrx_word' id='word_1_4' title='bbox 260 585 387 649; x_wconf 90' lang='lat' dir='ltr'>omnino</span> <span class='ocrx_word' id='word_1_5' title='bbox 419 585 500 650; x_wconf 87' lang='lat' dir='ltr'>solui</span> <span class='ocrx_word' id='word_1_6' title='bbox 531 587 659 667; x_wconf 85' lang='lat' dir='ltr'>poterit,</span> <span class='ocrx_word' id='word_1_7' title='bbox 681 610 785 651; x_wconf 90' lang='lat' dir='ltr'>nonne</span> <span class='ocrx_word' id='word_1_8' title='bbox 807 588 976 669; x_wconf 84' lang='lat' dir='ltr'>praecipue</span> <span class='ocrx_word' id='word_1_9' title='bbox 1000 589 1199 652; x_wconf 86' lang='lat' dir='ltr'>considerare</span> 
     </span>
     <span class='ocr_line' id='line_1_3' title="bbox 88 686 1198 768; baseline 0.004 -19"><span class='ocrx_word' id='word_1_10' title='bbox 88 686 251 763; x_wconf 73' lang='lat' dir='ltr'>debemus</span> <span class='ocrx_word' id='word_1_11' title='bbox 284 688 442 767; x_wconf 88' lang='lat' dir='ltr'>quomodo</span> <span class='ocrx_word' id='word_1_12' title='bbox 473 689 608 768; x_wconf 91' lang='lat' dir='ltr'>patricia</span> <span class='ocrx_word' id='word_1_13' title='bbox 636 689 787 752; x_wconf 83' lang='lat' dir='ltr'>nobilitas</span> <span class='ocrx_word' id='word_1_14' title='bbox 811 696 881 753; x_wconf 88' lang='lat' dir='ltr'>orta</span> <span class='ocrx_word' id='word_1_15' title='bbox 903 690 954 766; x_wconf 83' lang='lat' dir='ltr'>sit,</span> <span class='ocrx_word' id='word_1_16' title='bbox 978 694 1012 752; x_wconf 92' lang='lat' dir='ltr'>ut</span> <span class='ocrx_word' id='word_1_17' title='bbox 1034 689 1110 753; x_wconf 89' lang='lat' dir='ltr'>fecit</span> <span class='ocrx_word' id='word_1_18' title='bbox 1132 689 1198 753; x_wconf 78' lang='lat' dir='ltr'>Ru-</span> 
     </span>
     <span class='ocr_line' id='line_1_4' title="bbox 87 786 1200 872; baseline 0.004 -22"><span class='ocrx_word' id='word_1_19' title='bbox 87 788 187 851; x_wconf 82' lang='lat' dir='ltr'>bino?</span> <span class='ocrx_word' id='word_1_20' title='bbox 230 786 316 852; x_wconf 83' lang='lat' dir='ltr'>Nam</span> <span class='ocrx_word' id='word_1_21' title='bbox 346 789 373 851; x_wconf 91' lang='lat' dir='ltr'>si</span> <span class='ocrx_word' id='word_1_22' title='bbox 405 790 644 866; x_wconf 86' lang='lat' dir='ltr'>ostenderimus,</span> <span class='ocrx_word' id='word_1_23' title='bbox 675 812 736 872; x_wconf 92' lang='lat' dir='ltr'>quo</span> <span class='ocrx_word' id='word_1_24' title='bbox 759 792 853 854; x_wconf 90' lang='lat' dir='ltr'>modo</span> <span class='ocrx_word' id='word_1_25' title='bbox 876 791 1087 872; x_wconf 76' lang='lat' dir='ltr'>principatum</span> <span class='ocrx_word' id='word_1_26' title='bbox 1110 813 1200 854; x_wconf 89' lang='lat' dir='ltr'>suum</span> 
     </span>
     <span class='ocr_line' id='line_1_5' title="bbox 89 878 1199 973; baseline 0.002 -20"><span class='ocrx_word' id='word_1_27' title='bbox 89 893 280 956; x_wconf 78' lang='lat' dir='ltr'>consecutae</span> <span class='ocrx_word' id='word_1_28' title='bbox 314 889 377 952; x_wconf 92' lang='lat' dir='ltr'>sint</span> <span class='ocrx_word' id='word_1_29' title='bbox 411 894 442 952; x_wconf 92' lang='lat' dir='ltr'>et</span> <span class='ocrx_word' id='word_1_30' title='bbox 474 892 672 954; x_wconf 85' lang='lat' dir='ltr'>exercuerint</span> <span class='ocrx_word' id='word_1_31' title='bbox 702 892 855 972; x_wconf 79' lang='lat' dir='ltr'>patriciae</span> <span class='ocrx_word' id='word_1_32' title='bbox 886 878 1006 973; x_wconf 69' lang='lat' dir='ltr'>gentes</span> <span class='ocrx_word' id='word_1_33' title='bbox 1030 893 1137 955; x_wconf 88' lang='lat' dir='ltr'>statim</span> <span class='ocrx_word' id='word_1_34' title='bbox 1162 931 1199 938; x_wconf 95' lang='lat'><em>-</em></span> 
     </span>
     <span class='ocr_line' id='line_1_6' title="bbox 90 991 1202 1075; baseline 0.002 -22"><span class='ocrx_word' id='word_1_35' title='bbox 90 992 205 1072; x_wconf 88' lang='lat' dir='ltr'>opinor</span> <span class='ocrx_word' id='word_1_36' title='bbox 228 1029 266 1037; x_wconf 59' lang='lat'>-2</span> <span class='ocrx_word' id='word_1_37' title='bbox 292 991 467 1072; x_wconf 76' lang='lat' dir='ltr'>apparebit,</span> <span class='ocrx_word' id='word_1_38' title='bbox 491 997 596 1055; x_wconf 89' lang='lat' dir='ltr'>utrum</span> <span class='ocrx_word' id='word_1_39' title='bbox 619 992 709 1074; x_wconf 89' lang='lat' dir='ltr'>plebs</span> <span class='ocrx_word' id='word_1_40' title='bbox 733 1016 857 1075; x_wconf 89' lang='lat' dir='ltr'>semper</span> <span class='ocrx_word' id='word_1_41' title='bbox 878 993 1039 1057; x_wconf 87' lang='lat' dir='ltr'>ciuitatem</span> <span class='ocrx_word' id='word_1_42' title='bbox 1054 993 1202 1057; x_wconf 91' lang='lat' dir='ltr'>habuerit</span> 
     </span>
     <span class='ocr_line' id='line_1_7' title="bbox 91 1090 1202 1174; baseline 0.002 -20"><span class='ocrx_word' id='word_1_43' title='bbox 91 1113 200 1154; x_wconf 89' lang='lat' dir='ltr'>necne.</span> <span class='ocrx_word' id='word_1_44' title='bbox 245 1090 352 1168; x_wconf 80' lang='lat' dir='ltr'>Uelut,</span> <span class='ocrx_word' id='word_1_45' title='bbox 381 1093 434 1172; x_wconf 90' lang='lat' dir='ltr'>qui</span> <span class='ocrx_word' id='word_1_46' title='bbox 456 1093 662 1173; x_wconf 89' lang='lat' dir='ltr'>patriciorum</span> <span class='ocrx_word' id='word_1_47' title='bbox 685 1095 850 1174; x_wconf 88' lang='lat' dir='ltr'>superiora</span> <span class='ocrx_word' id='word_1_48' title='bbox 871 1095 941 1156; x_wconf 89' lang='lat' dir='ltr'>iura</span> <span class='ocrx_word' id='word_1_49' title='bbox 963 1116 1001 1156; x_wconf 83' lang='lat' dir='ltr'>ex</span> <span class='ocrx_word' id='word_1_50' title='bbox 1025 1094 1202 1174; x_wconf 89' lang='lat' dir='ltr'>antiquiore</span> 
     </span>
     <span class='ocr_line' id='line_1_8' title="bbox 93 1193 1202 1276; baseline 0.002 -20"><span class='ocrx_word' id='word_1_51' title='bbox 93 1193 232 1256; x_wconf 86' lang='lat' dir='ltr'>ciuitatis</span> <span class='ocrx_word' id='word_1_52' title='bbox 265 1194 465 1274; x_wconf 86' lang='lat' dir='ltr'>possessione</span> <span class='ocrx_word' id='word_1_53' title='bbox 480 1252 483 1260; x_wconf 87' lang='grc'><strong>,</strong></span> <span class='ocrx_word' id='word_1_54' title='bbox 501 1194 673 1270; x_wconf 86' lang='lat' dir='ltr'>declarant,</span> <span class='ocrx_word' id='word_1_55' title='bbox 705 1195 847 1276; x_wconf 89' lang='lat' dir='ltr'>plebeios</span> <span class='ocrx_word' id='word_1_56' title='bbox 870 1194 1014 1257; x_wconf 87' lang='lat' dir='ltr'>homines</span> <span class='ocrx_word' id='word_1_57' title='bbox 1037 1195 1202 1258; x_wconf 84' lang='lat' dir='ltr'>dediticios</span> 
     </span>
     <span class='ocr_line' id='line_1_9' title="bbox 93 1293 1203 1359; baseline 0.002 -3"><span class='ocrx_word' id='word_1_58' title='bbox 93 1298 150 1356; x_wconf 90' lang='lat' dir='ltr'>aut</span> <span class='ocrx_word' id='word_1_59' title='bbox 172 1293 366 1356; x_wconf 87' lang='lat' dir='ltr'>aduenticios</span> <span class='ocrx_word' id='word_1_60' title='bbox 390 1294 488 1356; x_wconf 88' lang='lat' dir='ltr'>fuisse</span> <span class='ocrx_word' id='word_1_61' title='bbox 512 1316 640 1358; x_wconf 87' lang='lat' dir='ltr'>necesse</span> <span class='ocrx_word' id='word_1_62' title='bbox 663 1301 711 1358; x_wconf 88' lang='lat' dir='ltr'>cst</span> <span class='ocrx_word' id='word_1_63' title='bbox 734 1295 931 1359; x_wconf 86' lang='lat' dir='ltr'>concludant.</span> <span class='ocrx_word' id='word_1_64' title='bbox 969 1294 1114 1359; x_wconf 76' lang='lat' dir='ltr'>Concedo</span> <span class='ocrx_word' id='word_1_65' title='bbox 1134 1317 1203 1358; x_wconf 92' lang='lat' dir='ltr'>eam</span> 
     </span>
     <span class='ocr_line' id='line_1_10' title="bbox 94 1392 1203 1478; baseline 0.002 -21"><span class='ocrx_word' id='word_1_66' title='bbox 94 1417 165 1458; x_wconf 88' lang='lat' dir='ltr'>rem</span> <span class='ocrx_word' id='word_1_67' title='bbox 193 1418 211 1457; x_wconf 88' lang='lat' dir='ltr'>a</span> <span class='ocrx_word' id='word_1_68' title='bbox 239 1392 380 1458; x_wconf 83' lang='lat' dir='ltr'>Soltauio</span> <span class='ocrx_word' id='word_1_69' title='bbox 403 1417 466 1458; x_wconf 91' lang='lat' dir='ltr'>non</span> <span class='ocrx_word' id='word_1_70' title='bbox 489 1395 582 1477; x_wconf 88' lang='lat' dir='ltr'>plane</span> <span class='ocrx_word' id='word_1_71' title='bbox 606 1418 674 1460; x_wconf 89' lang='lat' dir='ltr'>esse</span> <span class='ocrx_word' id='word_1_72' title='bbox 697 1397 891 1478; x_wconf 64' lang='lat' dir='ltr'>neglectam</span> <span class='ocrx_word' id='word_1_73' title='bbox 914 1397 1049 1460; x_wconf 91' lang='lat' dir='ltr'>uidimus</span> <span class='ocrx_word' id='word_1_74' title='bbox 1072 1419 1142 1460; x_wconf 88' lang='lat' dir='ltr'>eum</span> <span class='ocrx_word' id='word_1_75' title='bbox 1166 1397 1203 1459; x_wconf 90' lang='lat' dir='ltr'>de</span> 
     </span>
     <span class='ocr_line' id='line_1_11' title="bbox 95 1495 1202 1578; baseline 0.002 -20"><span class='ocrx_word' id='word_1_76' title='bbox 95 1495 282 1577; x_wconf 86' lang='lat' dir='ltr'>gentilitatis</span> <span class='ocrx_word' id='word_1_77' title='bbox 305 1497 337 1558; x_wconf 91' lang='lat' dir='ltr'>ui</span> <span class='ocrx_word' id='word_1_78' title='bbox 360 1497 510 1574; x_wconf 81' lang='lat' dir='ltr'>locutum,</span> <span class='ocrx_word' id='word_1_79' title='bbox 535 1519 677 1578; x_wconf 86' lang='lat' dir='ltr'>quaeque</span> <span class='ocrx_word' id='word_1_80' title='bbox 700 1499 732 1560; x_wconf 95' lang='lat' dir='ltr'>in</span> <span class='ocrx_word' id='word_1_81' title='bbox 751 1499 933 1562; x_wconf 88' lang='lat' dir='ltr'>uniuersum</span> <span class='ocrx_word' id='word_1_82' title='bbox 950 1499 989 1560; x_wconf 89' lang='lat' dir='ltr'>ad</span> <span class='ocrx_word' id='word_1_83' title='bbox 1004 1497 1202 1561; x_wconf 85' lang='lat' dir='ltr'>nobilitatem</span> 
     </span>
     <span class='ocr_line' id='line_1_12' title="bbox 94 1596 1205 1678; baseline 0.001 -19"><span class='ocrx_word' id='word_1_84' title='bbox 94 1596 294 1659; x_wconf 88' lang='lat' dir='ltr'>efficiendam</span> <span class='ocrx_word' id='word_1_85' title='bbox 320 1597 489 1678; x_wconf 81' lang='lat' dir='ltr'>pertinent,</span> <span class='ocrx_word' id='word_1_86' title='bbox 519 1620 583 1661; x_wconf 92' lang='lat' dir='ltr'>non</span> <span class='ocrx_word' id='word_1_87' title='bbox 605 1599 771 1678; x_wconf 86' lang='lat' dir='ltr'>praeteriit</span> <span class='ocrx_word' id='word_1_88' title='bbox 783 1598 802 1661; x_wconf 88' lang='lat'>¹.</span> <span class='ocrx_word' id='word_1_89' title='bbox 848 1597 910 1661; x_wconf 83' lang='lat' dir='ltr'>Sed</span> <span class='ocrx_word' id='word_1_90' title='bbox 931 1597 1004 1661; x_wconf 93' lang='lat' dir='ltr'>huic</span> <span class='ocrx_word' id='word_1_91' title='bbox 1028 1599 1205 1678; x_wconf 88' lang='lat' dir='ltr'>quaestioni</span> 
     </span>
     <span class='ocr_line' id='line_1_13' title="bbox 93 1697 1239 1781; baseline 0.003 -21"><span class='ocrx_word' id='word_1_92' title='bbox 93 1720 207 1779; x_wconf 89' lang='lat' dir='ltr'>parum</span> <span class='ocrx_word' id='word_1_93' title='bbox 239 1697 392 1761; x_wconf 88' lang='lat' dir='ltr'>momenti</span> <span class='ocrx_word' id='word_1_94' title='bbox 425 1697 574 1761; x_wconf 88' lang='lat' dir='ltr'>tribuisse</span> <span class='ocrx_word' id='word_1_95' title='bbox 608 1699 741 1775; x_wconf 80' lang='lat' dir='ltr'>uidetur,</span> <span class='ocrx_word' id='word_1_96' title='bbox 776 1701 803 1762; x_wconf 92' lang='lat' dir='ltr'>si</span> <span class='ocrx_word' id='word_1_97' title='bbox 835 1699 961 1780; x_wconf 87' lang='lat' dir='ltr'>quidem</span> <span class='ocrx_word' id='word_1_98' title='bbox 993 1700 1030 1762; x_wconf 91' lang='lat' dir='ltr'>de</span> <span class='ocrx_word' id='word_1_99' title='bbox 1053 1700 1204 1781; x_wconf 86' lang='lat' dir='ltr'>patriciae</span> <span class='ocrx_word' id='word_1_100' title='bbox 1238 1760 1239 1764; x_wconf 75' lang='grc'>,</span> 
     </span>
     <span class='ocr_line' id='line_1_14' title="bbox 94 1798 1204 1882; baseline 0.001 -21"><span class='ocrx_word' id='word_1_101' title='bbox 94 1798 272 1862; x_wconf 89' lang='lat' dir='ltr'>nobilitatis</span> <span class='ocrx_word' id='word_1_102' title='bbox 294 1799 416 1880; x_wconf 82' lang='lat' dir='ltr'>origine</span> <span class='ocrx_word' id='word_1_103' title='bbox 439 1821 541 1879; x_wconf 88' lang='lat' dir='ltr'>neque</span> <span class='ocrx_word' id='word_1_104' title='bbox 565 1800 723 1880; x_wconf 89' lang='lat' dir='ltr'>copiosius</span> <span class='ocrx_word' id='word_1_105' title='bbox 739 1822 841 1880; x_wconf 87' lang='lat' dir='ltr'>neque</span> <span class='ocrx_word' id='word_1_106' title='bbox 857 1801 934 1864; x_wconf 88' lang='lat' dir='ltr'>setis</span> <span class='ocrx_word' id='word_1_107' title='bbox 950 1800 1084 1863; x_wconf 92' lang='lat' dir='ltr'>dilucide</span> <span class='ocrx_word' id='word_1_108' title='bbox 1098 1801 1204 1882; x_wconf 92' lang='lat' dir='ltr'>dispu-</span> 
     </span>
     <span class='ocr_line' id='line_1_15' title="bbox 93 1901 1206 1982; baseline -0.001 -19"><span class='ocrx_word' id='word_1_109' title='bbox 93 1901 176 1964; x_wconf 87' lang='lat' dir='ltr'>tauit</span> <span class='ocrx_word' id='word_1_110' title='bbox 199 1905 231 1964; x_wconf 90' lang='lat' dir='ltr'>et</span> <span class='ocrx_word' id='word_1_111' title='bbox 253 1906 326 1963; x_wconf 89' lang='lat' dir='ltr'>ante</span> <span class='ocrx_word' id='word_1_112' title='bbox 349 1901 455 1963; x_wconf 90' lang='lat' dir='ltr'>omnia</span> <span class='ocrx_word' id='word_1_113' title='bbox 477 1901 661 1981; x_wconf 87' lang='lat' dir='ltr'>perquirere</span> <span class='ocrx_word' id='word_1_114' title='bbox 678 1906 809 1964; x_wconf 88' lang='lat' dir='ltr'>conatus</span> <span class='ocrx_word' id='word_1_115' title='bbox 822 1907 879 1978; x_wconf 84' lang='lat' dir='ltr'>est,</span> <span class='ocrx_word' id='word_1_116' title='bbox 893 1923 972 1982; x_wconf 91' lang='lat' dir='ltr'>quae</span> <span class='ocrx_word' id='word_1_117' title='bbox 986 1903 1206 1982; x_wconf 89' lang='lat' dir='ltr'>antiquissima</span> 
     </span>
     <span class='ocr_line' id='line_1_16' title="bbox 93 2001 1207 2082; baseline 0.002 -18"><span class='ocrx_word' id='word_1_118' title='bbox 93 2002 208 2065; x_wconf 87' lang='lat' dir='ltr'>fuisset</span> <span class='ocrx_word' id='word_1_119' title='bbox 242 2001 405 2064; x_wconf 90' lang='lat' dir='ltr'>clientium</span> <span class='ocrx_word' id='word_1_120' title='bbox 438 2005 470 2064; x_wconf 90' lang='lat' dir='ltr'>et</span> <span class='ocrx_word' id='word_1_121' title='bbox 500 2001 602 2082; x_wconf 91' lang='lat' dir='ltr'>plebis</span> <span class='ocrx_word' id='word_1_122' title='bbox 635 2002 778 2066; x_wconf 90' lang='lat' dir='ltr'>condicio</span> <span class='ocrx_word' id='word_1_123' title='bbox 803 2038 841 2044; x_wconf 94' lang='lat'><em>-</em></span> <span class='ocrx_word' id='word_1_124' title='bbox 865 2025 940 2065; x_wconf 92' lang='lat' dir='ltr'>num</span> <span class='ocrx_word' id='word_1_125' title='bbox 963 2024 1000 2065; x_wconf 87' lang='lat' dir='ltr'>ea</span> <span class='ocrx_word' id='word_1_126' title='bbox 1022 2002 1207 2066; x_wconf 90' lang='lat' dir='ltr'>habuissent</span> 
     </span>
     <span class='ocr_line' id='line_1_17' title="bbox 94 2103 1207 2184; baseline 0 -18"><span class='ocrx_word' id='word_1_127' title='bbox 94 2107 174 2180; x_wconf 81' lang='lat' dir='ltr'>iura,</span> <span class='ocrx_word' id='word_1_128' title='bbox 210 2126 290 2184; x_wconf 89' lang='lat' dir='ltr'>quae</span> <span class='ocrx_word' id='word_1_129' title='bbox 322 2104 361 2166; x_wconf 90' lang='lat' dir='ltr'>ad</span> <span class='ocrx_word' id='word_1_130' title='bbox 384 2103 544 2165; x_wconf 90' lang='lat' dir='ltr'>ciuitatem</span> <span class='ocrx_word' id='word_1_131' title='bbox 569 2125 732 2166; x_wconf 88' lang='lat' dir='ltr'>romanam</span> <span class='ocrx_word' id='word_1_132' title='bbox 755 2104 1007 2166; x_wconf 89' lang='lat' dir='ltr'>constituendam</span> <span class='ocrx_word' id='word_1_133' title='bbox 1029 2105 1207 2167; x_wconf 90' lang='lat' dir='ltr'>necessaria</span> 
     </span>
     <span class='ocr_line' id='line_1_18' title="bbox 97 2203 1207 2281; baseline 0 -14"><span class='ocrx_word' id='word_1_134' title='bbox 97 2209 213 2268; x_wconf 88' lang='lat' dir='ltr'>essent.</span> <span class='ocrx_word' id='word_1_135' title='bbox 259 2203 345 2278; x_wconf 79' lang='lat' dir='ltr'>Quae</span> <span class='ocrx_word' id='word_1_136' title='bbox 378 2205 424 2266; x_wconf 86' lang='lat' dir='ltr'>rei</span> <span class='ocrx_word' id='word_1_137' title='bbox 457 2204 642 2266; x_wconf 82' lang='lat' dir='ltr'>tractandae</span> <span class='ocrx_word' id='word_1_138' title='bbox 673 2205 755 2266; x_wconf 91' lang='lat' dir='ltr'>ratio</span> <span class='ocrx_word' id='word_1_139' title='bbox 787 2225 824 2266; x_wconf 88' lang='lat' dir='ltr'>ea</span> <span class='ocrx_word' id='word_1_140' title='bbox 854 2204 980 2267; x_wconf 87' lang='lat' dir='ltr'>laborat</span> <span class='ocrx_word' id='word_1_141' title='bbox 1009 2204 1207 2281; x_wconf 85' lang='lat' dir='ltr'>difficultate,</span> 
     </span>
     <span class='ocr_line' id='line_1_19' title="bbox 97 2305 1206 2387; baseline -0.001 -17"><span class='ocrx_word' id='word_1_142' title='bbox 97 2306 182 2387; x_wconf 91' lang='lat' dir='ltr'>quod</span> <span class='ocrx_word' id='word_1_143' title='bbox 206 2306 439 2368; x_wconf 90' lang='lat' dir='ltr'>diiudicandum</span> <span class='ocrx_word' id='word_1_144' title='bbox 462 2309 520 2381; x_wconf 83' lang='lat' dir='ltr'>est,</span> <span class='ocrx_word' id='word_1_145' title='bbox 544 2326 624 2384; x_wconf 86' lang='lat' dir='ltr'>quae</span> <span class='ocrx_word' id='word_1_146' title='bbox 648 2327 726 2386; x_wconf 91' lang='lat' dir='ltr'>opus</span> <span class='ocrx_word' id='word_1_147' title='bbox 750 2305 813 2368; x_wconf 88' lang='lat' dir='ltr'>sint</span> <span class='ocrx_word' id='word_1_148' title='bbox 834 2305 904 2369; x_wconf 89' lang='lat' dir='ltr'>iura</span> <span class='ocrx_word' id='word_1_149' title='bbox 926 2306 965 2368; x_wconf 90' lang='lat' dir='ltr'>ad</span> <span class='ocrx_word' id='word_1_150' title='bbox 989 2306 1126 2369; x_wconf 91' lang='lat' dir='ltr'>ciuitatis</span> <span class='ocrx_word' id='word_1_151' title='bbox 1149 2328 1206 2369; x_wconf 94' lang='lat' dir='ltr'>no-</span> 
     </span>
     <span class='ocr_line' id='line_1_20' title="bbox 96 2405 1206 2488; baseline 0.001 -19"><span class='ocrx_word' id='word_1_152' title='bbox 96 2409 217 2471; x_wconf 89' lang='lat' dir='ltr'>tionem</span> <span class='ocrx_word' id='word_1_153' title='bbox 241 2407 454 2482; x_wconf 64' lang='lat' dir='ltr'>efficiendam</span> <span class='ocrx_word' id='word_1_154' title='bbox 478 2427 558 2486; x_wconf 91' lang='lat' dir='ltr'>quae</span> <span class='ocrx_word' id='word_1_155' title='bbox 582 2405 652 2468; x_wconf 91' lang='lat' dir='ltr'>aliis</span> <span class='ocrx_word' id='word_1_156' title='bbox 675 2407 871 2488; x_wconf 88' lang='lat' dir='ltr'>temporibus</span> <span class='ocrx_word' id='word_1_157' title='bbox 895 2411 926 2469; x_wconf 88' lang='lat' dir='ltr'>ct</span> <span class='ocrx_word' id='word_1_158' title='bbox 949 2408 1032 2487; x_wconf 91' lang='lat' dir='ltr'>apud</span> <span class='ocrx_word' id='word_1_159' title='bbox 1054 2407 1132 2470; x_wconf 90' lang='lat' dir='ltr'>alios</span> <span class='ocrx_word' id='word_1_160' title='bbox 1148 2430 1206 2488; x_wconf 94' lang='lat' dir='ltr'>po-</span> 
     </span>
     <span class='ocr_line' id='line_1_21' title="bbox 96 2505 1208 2590; baseline 0 -19"><span class='ocrx_word' id='word_1_161' title='bbox 96 2509 189 2590; x_wconf 90' lang='lat' dir='ltr'>pulos</span> <span class='ocrx_word' id='word_1_162' title='bbox 213 2508 275 2571; x_wconf 90' lang='lat' dir='ltr'>alia</span> <span class='ocrx_word' id='word_1_163' title='bbox 298 2530 366 2570; x_wconf 89' lang='lat' dir='ltr'>esse</span> <span class='ocrx_word' id='word_1_164' title='bbox 389 2511 530 2589; x_wconf 90' lang='lat' dir='ltr'>possunt.</span> <span class='ocrx_word' id='word_1_165' title='bbox 568 2505 701 2570; x_wconf 84' lang='lat' dir='ltr'>Accedit</span> <span class='ocrx_word' id='word_1_166' title='bbox 717 2508 851 2587; x_wconf 79' lang='lat' dir='ltr'>alterum</span> <span class='ocrx_word' id='word_1_167' title='bbox 866 2508 1109 2586; x_wconf 81' lang='lat' dir='ltr'>incommodum,</span> <span class='ocrx_word' id='word_1_168' title='bbox 1123 2509 1208 2589; x_wconf 91' lang='lat' dir='ltr'>quod</span> 
     </span>
     <span class='ocr_line' id='line_1_22' title="bbox 98 2609 1208 2690; baseline -0.001 -17"><span class='ocrx_word' id='word_1_169' title='bbox 98 2611 261 2674; x_wconf 89' lang='lat' dir='ltr'>clientium</span> <span class='ocrx_word' id='word_1_170' title='bbox 288 2615 319 2672; x_wconf 91' lang='lat' dir='ltr'>et</span> <span class='ocrx_word' id='word_1_171' title='bbox 341 2609 538 2690; x_wconf 89' lang='lat' dir='ltr'>plebeiorum</span> <span class='ocrx_word' id='word_1_172' title='bbox 561 2610 724 2674; x_wconf 90' lang='lat' dir='ltr'>hominum</span> <span class='ocrx_word' id='word_1_173' title='bbox 747 2609 930 2672; x_wconf 85' lang='lat' dir='ltr'>condicione</span> <span class='ocrx_word' id='word_1_174' title='bbox 954 2631 1048 2688; x_wconf 90' lang='lat' dir='ltr'>quam</span> <span class='ocrx_word' id='word_1_175' title='bbox 1070 2611 1208 2672; x_wconf 85' lang='lat' dir='ltr'>maxima</span> 
     </span>
     <span class='ocr_line' id='line_1_23' title="bbox 99 2711 1208 2793; baseline -0.002 -18"><span class='ocrx_word' id='word_1_176' title='bbox 99 2733 175 2775; x_wconf 88' lang='lat' dir='ltr'>cura</span> <span class='ocrx_word' id='word_1_177' title='bbox 206 2733 362 2793; x_wconf 87' lang='lat' dir='ltr'>perpensa</span> <span class='ocrx_word' id='word_1_178' title='bbox 391 2733 454 2774; x_wconf 93' lang='lat' dir='ltr'>non</span> <span class='ocrx_word' id='word_1_179' title='bbox 482 2716 588 2792; x_wconf 89' lang='lat' dir='ltr'>potest</span> <span class='ocrx_word' id='word_1_180' title='bbox 610 2711 716 2787; x_wconf 80' lang='lat' dir='ltr'>statui,</span> <span class='ocrx_word' id='word_1_181' title='bbox 740 2734 815 2773; x_wconf 93' lang='lat' dir='ltr'>num</span> <span class='ocrx_word' id='word_1_182' title='bbox 838 2732 996 2790; x_wconf 87' lang='lat' dir='ltr'>semper</span> <span class='ocrx_word' id='word_1_183' title='bbox 1017 2711 1101 2773; x_wconf 88' lang='lat' dir='ltr'>inter</span> <span class='ocrx_word' id='word_1_184' title='bbox 1124 2711 1208 2774; x_wconf 91' lang='lat' dir='ltr'>ciues</span> 
     </span>
     <span class='ocr_line' id='line_1_24' title="bbox 99 2810 1209 2893; baseline -0.002 -17"><span class='ocrx_word' id='word_1_185' title='bbox 99 2813 255 2876; x_wconf 87' lang='lat' dir='ltr'>numerati</span> <span class='ocrx_word' id='word_1_186' title='bbox 290 2813 362 2875; x_wconf 89' lang='lat' dir='ltr'>sint.</span> <span class='ocrx_word' id='word_1_187' title='bbox 408 2810 441 2875; x_wconf 84' lang='lat' dir='ltr'>Si</span> <span class='ocrx_word' id='word_1_188' title='bbox 475 2835 501 2874; x_wconf 89' lang='lat' dir='ltr'>e.</span> <span class='ocrx_word' id='word_1_189' title='bbox 526 2835 555 2892; x_wconf 87' lang='lat' dir='ltr'>g.</span> <span class='ocrx_word' id='word_1_190' title='bbox 588 2813 773 2893; x_wconf 90' lang='lat' dir='ltr'>probaueris</span> <span class='ocrx_word' id='word_1_191' title='bbox 805 2834 858 2874; x_wconf 90' lang='lat' dir='ltr'>eos</span> <span class='ocrx_word' id='word_1_192' title='bbox 888 2811 990 2875; x_wconf 87' lang='lat' dir='ltr'>Seruii</span> <span class='ocrx_word' id='word_1_193' title='bbox 1013 2812 1209 2892; x_wconf 89' lang='lat' dir='ltr'>temporibus</span> 
     </span>
     <span class='ocr_line' id='line_1_25' title="bbox 101 2913 1209 2993; baseline -0.003 -16"><span class='ocrx_word' id='word_1_194' title='bbox 101 2915 263 2977; x_wconf 83' lang='lat' dir='ltr'>ciuitatem</span> <span class='ocrx_word' id='word_1_195' title='bbox 294 2913 452 2990; x_wconf 77' lang='lat' dir='ltr'>habuisse,</span> <span class='ocrx_word' id='word_1_196' title='bbox 484 2913 583 2975; x_wconf 86' lang='lat' dir='ltr'>altera</span> <span class='ocrx_word' id='word_1_197' title='bbox 607 2915 715 2975; x_wconf 89' lang='lat' dir='ltr'>statim</span> <span class='ocrx_word' id='word_1_198' title='bbox 738 2913 875 2976; x_wconf 86' lang='lat' dir='ltr'>occurrit</span> <span class='ocrx_word' id='word_1_199' title='bbox 898 2913 1051 2993; x_wconf 83' lang='lat' dir='ltr'>quaesti0‚</span> <span class='ocrx_word' id='word_1_200' title='bbox 1074 2936 1149 2976; x_wconf 92' lang='lat' dir='ltr'>num</span> <span class='ocrx_word' id='word_1_201' title='bbox 1172 2935 1209 2975; x_wconf 89' lang='lat' dir='ltr'>eo</span> 
     </span>
     <span class='ocr_line' id='line_1_26' title="bbox 99 3013 1210 3096; baseline -0.002 -18"><span class='ocrx_word' id='word_1_202' title='bbox 99 3022 254 3096; x_wconf 83' lang='lat' dir='ltr'>tempore,</span> <span class='ocrx_word' id='word_1_203' title='bbox 282 3036 344 3094; x_wconf 92' lang='lat' dir='ltr'>quo</span> <span class='ocrx_word' id='word_1_204' title='bbox 366 3013 470 3077; x_wconf 86' lang='lat' dir='ltr'>Roma</span> <span class='ocrx_word' id='word_1_205' title='bbox 492 3014 619 3076; x_wconf 89' lang='lat' dir='ltr'>condita</span> <span class='ocrx_word' id='word_1_206' title='bbox 642 3019 699 3090; x_wconf 79' lang='lat' dir='ltr'>est,</span> <span class='ocrx_word' id='word_1_207' title='bbox 724 3015 790 3076; x_wconf 91' lang='lat' dir='ltr'>eius</span> <span class='ocrx_word' id='word_1_208' title='bbox 813 3014 938 3094; x_wconf 84' lang='lat' dir='ltr'>generis</span> <span class='ocrx_word' id='word_1_209' title='bbox 961 3014 1105 3077; x_wconf 89' lang='lat' dir='ltr'>homines</span> <span class='ocrx_word' id='word_1_210' title='bbox 1128 3015 1210 3077; x_wconf 89' lang='lat' dir='ltr'>inter</span> 
     </span>
     <span class='ocr_line' id='line_1_27' title="bbox 100 3115 957 3196; baseline -0.002 -16"><span class='ocrx_word' id='word_1_211' title='bbox 100 3119 187 3181; x_wconf 89' lang='lat' dir='ltr'>ciues</span> <span class='ocrx_word' id='word_1_212' title='bbox 210 3115 337 3192; x_wconf 85' lang='lat' dir='ltr'>fuerint,</span> <span class='ocrx_word' id='word_1_213' title='bbox 362 3117 415 3196; x_wconf 90' lang='lat' dir='ltr'>qui</span> <span class='ocrx_word' id='word_1_214' title='bbox 437 3121 549 3196; x_wconf 88' lang='lat' dir='ltr'>postea</span> <span class='ocrx_word' id='word_1_215' title='bbox 571 3115 688 3196; x_wconf 88' lang='lat' dir='ltr'>plebeii</span> <span class='ocrx_word' id='word_1_216' title='bbox 713 3115 957 3196; x_wconf 88' lang='lat' dir='ltr'>appellarentur.</span> 
     </span>
    </p>

    <p class='ocr_par' dir='ltr' id='par_1_3' title="bbox 101 3215 1215 4207">
     <span class='ocr_line' id='line_1_28' title="bbox 203 3215 1210 3296; baseline 0.001 -17"><span class='ocrx_word' id='word_1_217' title='bbox 203 3216 400 3296; x_wconf 75' lang='lat' dir='ltr'>Quamquam</span> <span class='ocrx_word' id='word_1_218' title='bbox 428 3217 509 3280; x_wconf 89' lang='lat' dir='ltr'>liber</span> <span class='ocrx_word' id='word_1_219' title='bbox 532 3215 667 3280; x_wconf 83' lang='lat' dir='ltr'>Soltauii</span> <span class='ocrx_word' id='word_1_220' title='bbox 690 3241 708 3279; x_wconf 87' lang='lat' dir='ltr'>a</span> <span class='ocrx_word' id='word_1_221' title='bbox 731 3217 807 3280; x_wconf 90' lang='lat' dir='ltr'>uiris</span> <span class='ocrx_word' id='word_1_222' title='bbox 831 3217 931 3281; x_wconf 90' lang='lat' dir='ltr'>doctis</span> <span class='ocrx_word' id='word_1_223' title='bbox 955 3218 1032 3280; x_wconf 89' lang='lat' dir='ltr'>satis</span> <span class='ocrx_word' id='word_1_224' title='bbox 1054 3217 1134 3280; x_wconf 87' lang='lat' dir='ltr'>bene</span> <span class='ocrx_word' id='word_1_225' title='bbox 1158 3239 1210 3280; x_wconf 88' lang='lat' dir='ltr'>ac-</span> 
     </span>
     <span class='ocr_line' id='line_1_29' title="bbox 101 3317 1211 3401; baseline -0.001 -19"><span class='ocrx_word' id='word_1_226' title='bbox 101 3323 211 3401; x_wconf 90' lang='lat' dir='ltr'>ceptus</span> <span class='ocrx_word' id='word_1_227' title='bbox 236 3321 292 3393; x_wconf 74' lang='lat' dir='ltr'>est,</span> <span class='ocrx_word' id='word_1_228' title='bbox 316 3317 368 3380; x_wconf 92' lang='lat' dir='ltr'>diu</span> <span class='ocrx_word' id='word_1_229' title='bbox 392 3317 457 3380; x_wconf 86' lang='lat' dir='ltr'>eius</span> <span class='ocrx_word' id='word_1_230' title='bbox 480 3340 593 3398; x_wconf 90' lang='lat' dir='ltr'>parum</span> <span class='ocrx_word' id='word_1_231' title='bbox 615 3318 747 3381; x_wconf 88' lang='lat' dir='ltr'>rationis</span> <span class='ocrx_word' id='word_1_232' title='bbox 770 3317 915 3381; x_wconf 90' lang='lat' dir='ltr'>habitum</span> <span class='ocrx_word' id='word_1_233' title='bbox 938 3322 995 3390; x_wconf 73' lang='lat' dir='ltr'>est,</span> <span class='ocrx_word' id='word_1_234' title='bbox 1020 3340 1090 3382; x_wconf 92' lang='lat' dir='ltr'>cum</span> <span class='ocrx_word' id='word_1_235' title='bbox 1114 3319 1150 3381; x_wconf 87' lang='lat' dir='ltr'>de</span> <span class='ocrx_word' id='word_1_236' title='bbox 1173 3319 1211 3381; x_wconf 91' lang='lat' dir='ltr'>iis</span> 
     </span>
     <span class='ocr_line' id='line_1_30' title="bbox 102 3419 1213 3501; baseline 0 -18"><span class='ocrx_word' id='word_1_237' title='bbox 102 3420 197 3483; x_wconf 90' lang='lat' dir='ltr'>rebus</span> <span class='ocrx_word' id='word_1_238' title='bbox 231 3419 387 3498; x_wconf 86' lang='lat' dir='ltr'>agendum</span> <span class='ocrx_word' id='word_1_239' title='bbox 420 3423 513 3494; x_wconf 83' lang='lat' dir='ltr'>esset,</span> <span class='ocrx_word' id='word_1_240' title='bbox 548 3420 661 3499; x_wconf 90' lang='lat' dir='ltr'>quibus</span> <span class='ocrx_word' id='word_1_241' title='bbox 693 3420 745 3482; x_wconf 92' lang='lat' dir='ltr'>hic</span> <span class='ocrx_word' id='word_1_242' title='bbox 778 3443 884 3482; x_wconf 90' lang='lat' dir='ltr'>sumus</span> <span class='ocrx_word' id='word_1_243' title='bbox 913 3421 1067 3501; x_wconf 90' lang='lat' dir='ltr'>occupati.</span> <span class='ocrx_word' id='word_1_244' title='bbox 1112 3420 1213 3483; x_wconf 89' lang='lat' dir='ltr'>Multa</span> 
     </span>
     <span class='ocr_line' id='line_1_31' title="bbox 102 3519 1212 3602; baseline 0 -18"><span class='ocrx_word' id='word_1_245' title='bbox 102 3525 175 3602; x_wconf 90' lang='lat' dir='ltr'>post</span> <span class='ocrx_word' id='word_1_246' title='bbox 197 3519 287 3582; x_wconf 92' lang='lat' dir='ltr'>illum</span> <span class='ocrx_word' id='word_1_247' title='bbox 310 3519 427 3582; x_wconf 90' lang='lat' dir='ltr'>librum</span> <span class='ocrx_word' id='word_1_248' title='bbox 450 3520 569 3582; x_wconf 88' lang='lat' dir='ltr'>editum</span> <span class='ocrx_word' id='word_1_249' title='bbox 593 3525 624 3582; x_wconf 88' lang='lat' dir='ltr'>et</span> <span class='ocrx_word' id='word_1_250' title='bbox 639 3521 893 3602; x_wconf 87' lang='lat' dir='ltr'>praeclarissima</span> <span class='ocrx_word' id='word_1_251' title='bbox 909 3543 1004 3602; x_wconf 89' lang='lat' dir='ltr'>opera</span> <span class='ocrx_word' id='word_1_252' title='bbox 1019 3522 1212 3602; x_wconf 78' lang='lat' dir='ltr'>prodierunt,</span> 
     </span>
     <span class='ocr_line' id='line_1_32' title="bbox 102 3621 1214 3704; baseline -0.001 -19"><span class='ocrx_word' id='word_1_253' title='bbox 102 3621 217 3704; x_wconf 90' lang='lat' dir='ltr'>quibus</span> <span class='ocrx_word' id='word_1_254' title='bbox 241 3621 446 3700; x_wconf 87' lang='lat' dir='ltr'>antiquitates</span> <span class='ocrx_word' id='word_1_255' title='bbox 469 3626 501 3683; x_wconf 91' lang='lat' dir='ltr'>et</span> <span class='ocrx_word' id='word_1_256' title='bbox 523 3621 591 3684; x_wconf 91' lang='lat' dir='ltr'>iura</span> <span class='ocrx_word' id='word_1_257' title='bbox 613 3622 723 3702; x_wconf 91' lang='lat' dir='ltr'>populi</span> <span class='ocrx_word' id='word_1_258' title='bbox 746 3622 868 3684; x_wconf 88' lang='lat' dir='ltr'>romani</span> <span class='ocrx_word' id='word_1_259' title='bbox 889 3621 1142 3703; x_wconf 87' lang='lat' dir='ltr'>explicabantur;</span> <span class='ocrx_word' id='word_1_260' title='bbox 1159 3623 1214 3684; x_wconf 85' lang='lat' dir='ltr'>sed</span> 
     </span>
     <span class='ocr_line' id='line_1_33' title="bbox 102 3721 1213 3803; baseline -0.001 -17"><span class='ocrx_word' id='word_1_261' title='bbox 102 3727 174 3786; x_wconf 90' lang='lat' dir='ltr'>utut</span> <span class='ocrx_word' id='word_1_262' title='bbox 196 3721 297 3802; x_wconf 89' lang='lat' dir='ltr'>plebis</span> <span class='ocrx_word' id='word_1_263' title='bbox 321 3726 421 3784; x_wconf 89' lang='lat' dir='ltr'>status</span> <span class='ocrx_word' id='word_1_264' title='bbox 445 3721 671 3803; x_wconf 79' lang='lat' dir='ltr'>exponebatur,</span> <span class='ocrx_word' id='word_1_265' title='bbox 695 3744 821 3802; x_wconf 88' lang='lat' dir='ltr'>semper</span> <span class='ocrx_word' id='word_1_266' title='bbox 844 3721 884 3784; x_wconf 93' lang='lat' dir='ltr'>ob</span> <span class='ocrx_word' id='word_1_267' title='bbox 909 3744 978 3784; x_wconf 89' lang='lat' dir='ltr'>eam</span> <span class='ocrx_word' id='word_1_268' title='bbox 993 3745 1060 3784; x_wconf 91' lang='lat' dir='ltr'>rem</span> <span class='ocrx_word' id='word_1_269' title='bbox 1072 3723 1213 3803; x_wconf 89' lang='lat' dir='ltr'>patriciis</span> 
     </span>
     <span class='ocr_line' id='line_1_34' title="bbox 102 3823 1213 3907; baseline 0 -21"><span class='ocrx_word' id='word_1_270' title='bbox 102 3825 299 3907; x_wconf 88' lang='lat' dir='ltr'>principatus</span> <span class='ocrx_word' id='word_1_271' title='bbox 323 3823 455 3886; x_wconf 88' lang='lat' dir='ltr'>cessisse</span> <span class='ocrx_word' id='word_1_272' title='bbox 478 3823 651 3899; x_wconf 81' lang='lat' dir='ltr'>dicebatur,</span> <span class='ocrx_word' id='word_1_273' title='bbox 676 3824 760 3903; x_wconf 91' lang='lat' dir='ltr'>quod</span> <span class='ocrx_word' id='word_1_274' title='bbox 784 3823 875 3885; x_wconf 90' lang='lat' dir='ltr'>initio</span> <span class='ocrx_word' id='word_1_275' title='bbox 901 3823 960 3885; x_wconf 92' lang='lat' dir='ltr'>soli</span> <span class='ocrx_word' id='word_1_276' title='bbox 976 3823 1138 3886; x_wconf 90' lang='lat' dir='ltr'>ciuitatem</span> <span class='ocrx_word' id='word_1_277' title='bbox 1155 3823 1213 3886; x_wconf 90' lang='lat' dir='ltr'>ha-</span> 
     </span>
     <span class='ocr_line' id='line_1_35' title="bbox 103 3923 1214 4005; baseline -0.001 -18"><span class='ocrx_word' id='word_1_278' title='bbox 103 3926 256 3988; x_wconf 87' lang='lat' dir='ltr'>buissent.</span> <span class='ocrx_word' id='word_1_279' title='bbox 290 3924 335 3988; x_wconf 90' lang='lat' dir='ltr'>Ut</span> <span class='ocrx_word' id='word_1_280' title='bbox 347 3925 433 3988; x_wconf 87' lang='lat' dir='ltr'>illam</span> <span class='ocrx_word' id='word_1_281' title='bbox 445 3923 588 4005; x_wconf 90' lang='lat' dir='ltr'>plerique</span> <span class='ocrx_word' id='word_1_282' title='bbox 605 3946 644 3986; x_wconf 85' lang='lat' dir='ltr'>ex</span> <span class='ocrx_word' id='word_1_283' title='bbox 656 3924 860 3986; x_wconf 88' lang='lat' dir='ltr'>semiciuibus</span> <span class='ocrx_word' id='word_1_284' title='bbox 873 3929 927 3986; x_wconf 90' lang='lat' dir='ltr'>aut</span> <span class='ocrx_word' id='word_1_285' title='bbox 939 3924 1094 3987; x_wconf 89' lang='lat' dir='ltr'>dediticiis</span> <span class='ocrx_word' id='word_1_286' title='bbox 1107 3929 1214 3987; x_wconf 90' lang='lat' dir='ltr'>natam</span> 
     </span>
     <span class='ocr_line' id='line_1_36' title="bbox 105 4023 1215 4102; baseline 0 -14"><span class='ocrx_word' id='word_1_287' title='bbox 105 4047 173 4089; x_wconf 88' lang='lat' dir='ltr'>esse</span> <span class='ocrx_word' id='word_1_288' title='bbox 196 4025 362 4102; x_wconf 79' lang='lat' dir='ltr'>docebant,</span> <span class='ocrx_word' id='word_1_289' title='bbox 386 4027 431 4088; x_wconf 87' lang='lat' dir='ltr'>ita</span> <span class='ocrx_word' id='word_1_290' title='bbox 446 4025 504 4088; x_wconf 91' lang='lat' dir='ltr'>hos</span> <span class='ocrx_word' id='word_1_291' title='bbox 521 4025 695 4088; x_wconf 91' lang='lat' dir='ltr'>archiciues</span> <span class='ocrx_word' id='word_1_292' title='bbox 707 4024 804 4087; x_wconf 84' lang='lat' dir='ltr'>fnisse</span> <span class='ocrx_word' id='word_1_293' title='bbox 818 4025 1060 4088; x_wconf 87' lang='lat' dir='ltr'>contendebant.</span> <span class='ocrx_word' id='word_1_294' title='bbox 1096 4023 1215 4089; x_wconf 88' lang='lat' dir='ltr'>Uerum</span> 
     </span>
     <span class='ocr_line' id='line_1_37' title="bbox 105 4123 1214 4207; baseline -0.002 -17"><span class='ocrx_word' id='word_1_295' title='bbox 105 4149 188 4191; x_wconf 90' lang='lat' dir='ltr'>nuuc</span> <span class='ocrx_word' id='word_1_296' title='bbox 216 4127 309 4190; x_wconf 84' lang='lat' dir='ltr'>credo</span> <span class='ocrx_word' id='word_1_297' title='bbox 338 4127 375 4188; x_wconf 90' lang='lat' dir='ltr'>de</span> <span class='ocrx_word' id='word_1_298' title='bbox 398 4126 457 4189; x_wconf 87' lang='lat' dir='ltr'>hac</span> <span class='ocrx_word' id='word_1_299' title='bbox 480 4150 514 4190; x_wconf 87' lang='lat' dir='ltr'>re</span> <span class='ocrx_word' id='word_1_300' title='bbox 538 4127 630 4191; x_wconf 88' lang='lat' dir='ltr'>aliter</span> <span class='ocrx_word' id='word_1_301' title='bbox 652 4126 853 4190; x_wconf 87' lang='lat' dir='ltr'>iudicabitur.</span> <span class='ocrx_word' id='word_1_302' title='bbox 873 4159 875 4166; x_wconf 91' lang='grc'><strong><em>·</em></strong></span> <span class='ocrx_word' id='word_1_303' title='bbox 898 4123 983 4188; x_wconf 88' lang='lat' dir='ltr'>Nam</span> <span class='ocrx_word' id='word_1_304' title='bbox 1005 4127 1054 4189; x_wconf 93' lang='lat' dir='ltr'>uir</span> <span class='ocrx_word' id='word_1_305' title='bbox 1077 4127 1214 4207; x_wconf 89' lang='lat' dir='ltr'>antiqui-</span> 
     </span>
    </p>
   </div>
   <div class='ocr_carea' id='block_1_3' title="bbox 212 4262 510 4324">
    <p class='ocr_par' dir='ltr' id='par_1_4' title="bbox 212 4262 510 4324">
     <span class='ocr_line' id='line_1_38' title="bbox 212 4262 510 4324; baseline 0 -14"><span class='ocrx_word' id='word_1_306' title='bbox 212 4262 219 4291; x_wconf 80' lang='lat'>¹</span> <span class='ocrx_word' id='word_1_307' title='bbox 238 4265 267 4311; x_wconf 92' lang='lat' dir='ltr'>L.</span> <span class='ocrx_word' id='word_1_308' title='bbox 286 4267 303 4311; x_wconf 88' lang='lat' dir='ltr'>l.</span> <span class='ocrx_word' id='word_1_309' title='bbox 322 4279 365 4323; x_wconf 90' lang='lat' dir='ltr'>pp.</span> <span class='ocrx_word' id='word_1_310' title='bbox 386 4267 432 4310; x_wconf 76' lang='lat'>647</span> <span class='ocrx_word' id='word_1_311' title='bbox 453 4279 510 4324; x_wconf 88' lang='lat' dir='ltr'>sqq.</span> 
     </span>
    </p>
   </div>
   <div class='ocr_carea' id='block_1_4' title="bbox 0 0 1528 5066">
    <p class='ocr_par' dir='ltr' id='par_1_5' title="bbox 0 0 1528 5066">
     <span class='ocr_line' id='line_1_39' title="bbox 0 0 1528 5066; baseline 0 0"><span class='ocrx_word' id='word_1_312' title='bbox 0 0 1528 5066; x_wconf 95' lang='lat' dir='ltr'> </span> 
     </span>
    </p>
   </div>
  </div>
 </body>
</html>
