3004 5066
788 350 945 402 „24-

315 514 427 595 populi
458 520 486 576 et
517 519 655 576 serratus.
700 511 788 586 Quae
812 513 1018 592 patriciorum
1042 514 1168 578 allectio
1191 535 1266 576 num
1291 535 1368 576 cnm
1397 534 1439 575 ea

316 618 444 677 senatus
467 613 604 676 lectione
628 635 729 694 eoque
752 613 862 695 populi
885 635 991 692 censu,
1015 639 1109 696 quem
1133 615 1243 678 eodem
1267 637 1354 678 anno
1381 616 1436 677 in-

317 717 409 796 cepit,
440 715 546 794 aliquo
569 715 663 778 modo
687 714 875 790 cohaeserit,
898 716 967 796 ipsa
988 717 1099 780 tabula
1121 737 1183 780 non
1207 711 1318 799 aperte
1340 717 1434 779 indi-

316 820 414 878 catur.
460 814 522 879 Sed
556 815 665 880 statim
698 821 771 898 post
805 838 874 880 eam
907 817 1107 882 allectionem
1142 824 1434 882 commemoratam

316 917 395 980 haec
417 922 607 998 sequuntur:
636 918 788 980 Senatum
812 925 859 980 ter
881 921 952 1000 lapi.
998 919 1089 994 Quod
1111 920 1194 982 inter
1215 920 1432 1000 patriciorum

317 1005 517 1082 allectionem
549 1024 581 1082 et
610 1022 737 1082 senatus
760 1018 930 1082 lectionem
953 1020 1090 1102 aliquem
1115 1041 1291 1084 connexum
1315 1020 1431 1096 fuisse,

316 1143 379 1184 non
411 1125 519 1201 aperte
551 1120 705 1201 scriptum
739 1124 796 1197 est,
830 1119 891 1184 hoc
921 1143 984 1184 non
1006 1122 1148 1203 impedit,
1173 1122 1343 1202 quominus
1368 1143 1430 1184 nos

317 1244 389 1284 enm
411 1221 509 1284 fnisse
531 1226 790 1302 potentiacum
812 1226 876 1284 tres
900 1222 994 1284 simul
1017 1227 1145 1286 senatus
1165 1222 1319 1286 lectiones
1336 1244 1429 1285 com-

317 1327 471 1386 memoret
493 1323 668 1402 Augustus,
691 1322 897 1404 patriciorum
920 1328 1026 1386 antem
1046 1323 1142 1388 lectio
1166 1346 1237 1387 cnm
1261 1346 1324 1386 nna
1352 1331 1428 1386 tan·

317 1428 385 1488 tum
408 1446 516 1488 earum
539 1424 708 1487 coniuncta
730 1424 835 1501 fuerit,
859 1447 922 1488 non
944 1426 1132 1503 mirandum,
1150 1427 1232 1506 quod
1249 1426 1428 1506 nonsigni-

317 1526 436 1602 ficanit,
460 1527 513 1606 qui
536 1526 619 1588 inter
641 1525 696 1587 illa
720 1530 791 1588 acta
807 1547 967 1590 connexus
984 1531 1080 1602 esset;
1098 1527 1138 1590 ob
1151 1527 1284 1590 eandem
1296 1549 1429 1590 cansam

317 1627 438 1690 factum
458 1649 526 1690 esse
549 1627 653 1704 credo,
677 1632 712 1690 nt
735 1663 773 1670 -
799 1649 869 1690 cnm
892 1628 1001 1691 statim
1024 1634 1097 1709 post
1119 1633 1247 1691 senatus
1270 1628 1427 1692 lectiones

318 1750 389 1791 eum
412 1728 521 1809 populi
544 1750 673 1791 censum
696 1733 969 1804 commemoraret,
993 1750 1087 1808 quem
1104 1749 1176 1791 cunr
1191 1728 1338 1810 Agrippa
1354 1752 1427 1792 sus-

318 1833 493 1911 ceperat-
509 1833 636 1892 senatus
659 1829 829 1892 lectionem
849 1833 881 1891 et
896 1829 979 1892 hunc
996 1847 1124 1893 censum
1142 1830 1310 1893 coniuncta
1326 1829 1428 1893 fnisse

316 1935 446 2006 taceret,
478 1952 671 2010 quamquam
698 1935 826 1993 senatus
849 1929 1019 1992 lectionem
1044 1965 1081 1973 -κ
1105 1930 1181 1993 licet
1204 1953 1268 1996 non
1290 1931 1371 2006 inre,
1397 1937 1429 1994 at

318 2037 402 2094 certe
434 2053 467 2093 re
493 2067 530 2075 —
555 2053 667 2095 census
696 2035 820 2112 partem
847 2031 944 2094 fnisse
968 2031 1213 2094 existimandum
1236 2036 1285 2094 est
1298 2032 1316 2093 ¹.
1364 2031 1428 2095 Dio

317 2131 389 2211 (LII
411 2133 465 2211 42)
488 2130 698 2194 Octauianum
721 2153 793 2194 cum
809 2130 954 2212 Agrippa
970 2153 1104 2194 censura
1119 2131 1263 2195 functum
1279 2136 1429 2195 senatum

318 2255 511 2314 expurgasse
534 2238 656 2309 narrat;
686 2238 753 2296 tum
777 2254 877 2296 nonos
900 2233 1051 2313 patricios
1075 2233 1177 2297 factos
1200 2234 1305 2308 docet;
1330 2256 1430 2313 quam

318 2357 385 2398 rem
407 2340 576 2415 postquam
600 2335 756 2416 exposuit,
780 2335 826 2396 ita
847 2334 966 2415 pergit:
990 2343 1172 2415 προσαπεῐπε
1188 2345 1260 2395 πᾶσι
1276 2343 1338 2404 τοῖς
1356 2337 1430 2415 lico-

318 2436 437 2496 )sdooor
469 2439 511 2518 μὴ
541 2433 688 2518 ἐκδημεῖν·
703 2433 759 2505 ἔξω
781 2445 836 2517 τῆς
858 2432 989 2503 Ἰταλίας
1012 2457 1038 2498 e.
1063 2459 1093 2516 q.
1117 2459 1141 2499 s.
1186 2435 1232 2499 Ut
1255 2437 1331 2498 setis
1357 2437 1429 2518 pla-

318 2559 393 2600 num
425 2537 475 2612 sit,
507 2537 546 2599 ab
571 2559 607 2600 eo
631 2536 711 2599 hanc
734 2537 941 2617 patriciorum
964 2536 1166 2601 allectionem
1189 2537 1272 2600 inter
1294 2559 1332 2600 ea
1356 2544 1431 2601 acta

318 2643 514 2701 numeratam
539 2659 618 2714 esse,
642 2637 757 2717 quibus
781 2643 909 2704 senatus
933 2640 1142 2702 ordinaretur.
1187 2639 1231 2702 Et
1253 2638 1314 2702 hoc
1331 2639 1372 2702 ab
1390 2661 1430 2702 eo

318 2745 403 2803 recte
426 2743 581 2802 statutum
604 2759 682 2814 esse,
707 2729 744 2801 eo
768 2739 972 2802 uerisimilius
995 2745 1053 2818 est,
1078 2741 1162 2820 quod
1183 2739 1342 2816 Claudius,
1360 2739 1430 2803 Ue-

318 2842 492 2922 spasmum,
517 2838 608 2904 Titus
631 2863 689 2922 pro
706 2841 851 2903 censoria
865 2845 1040 2921 postestate
1056 2841 1224 2922 patriciam
1237 2840 1430 2921 dignitatem

318 2943 536 3023 largiebantur
547 2939 567 3003 ².

418 3032 505 3118 Quae
535 3046 701 3123 praeterea
732 3043 770 3106 de
802 3043 1007 3123 patriciorum
1032 3042 1254 3106 allectionibus
1278 3044 1429 3122 cognom,

317 3146 390 3208 hnic
414 3145 599 3228 sententiae,
625 3166 719 3223 qnam
734 3145 896 3224 proposui,
912 3166 1014 3224 neque
1032 3145 1160 3208 obstant
1175 3165 1278 3224 neque
1291 3165 1429 3224 magno-

318 3269 393 3328 pere
416 3247 534 3309 fauent.
579 3244 662 3308 Nam
685 3250 759 3326 post
782 3243 908 3321 Octauii
931 3245 1133 3309 allectionem
1154 3265 1212 3326 per
1231 3243 1328 3324 longa
1343 3250 1429 3307 tem-

318 3371 397 3430 pora
429 3353 494 3411 tam
528 3369 630 3427 pauca
663 3351 791 3410 seruata
823 3351 897 3410 sunt
928 3347 1057 3410 nomina
1090 3347 1240 3424 uirorum,
1265 3345 1320 3425 qni
1342 3345 1431 3408 iuter

318 3450 469 3534 patricios
503 3449 609 3512 allecti
642 3453 725 3527 sunt,
762 3453 796 3511 nt
829 3471 867 3512 ex
898 3449 937 3512 iis
969 3448 1049 3511 nihil
1079 3472 1137 3530 pro
1167 3453 1254 3512 certo
1279 3447 1430 3510 concludi

318 3553 427 3634 possit.
473 3549 534 3614 Sed
568 3551 678 3614 ordine
712 3551 963 3632 progrediamur.
1009 3549 1100 3624 Quod
1131 3551 1165 3612 in
1197 3550 1377 3622 allectione,
1411 3571 1430 3610 a

319 3655 453 3719 Caesare
484 3652 580 3729 facta,
612 3653 650 3715 de
681 3653 824 3733 personis
848 3652 1033 3715 allectorum
1058 3652 1141 3732 apud
1163 3651 1300 3716 Dionem
1324 3651 1429 3732 scrip-

318 3761 386 3820 tum
418 3759 475 3830 est,
509 3776 573 3816 non
607 3758 723 3829 monet,
756 3757 791 3816 nt
813 3755 851 3816 de
874 3753 933 3815 hac
956 3774 990 3814 re
1014 3751 1099 3813 alind
1122 3751 1305 3827 sentiamus,
1331 3774 1428 3831 quarn

320 3857 403 3936 quod
427 3879 522 3936 supra
545 3855 733 3936 significaui.
778 3854 826 3917 De
851 3855 981 3917 Claudio
1005 3875 1105 3916 nouos
1128 3852 1280 3932 patricios
1299 3851 1428 3933 legente

319 3960 364 4021 ita
387 3958 469 4038 apud
492 3956 638 4019 Tacitum
661 3961 808 4018 narratur
831 3955 926 4036 (Anu.
950 3953 996 4017 Xl
1018 3953 1086 4035 25):
1116 3953 1235 4016 Iisdem
1259 3953 1369 4016 diebus
1394 3957 1430 4016 in

393 4061 607 4142 “r-fflmsem
627 4097 677 4141 Res
697 4099 787 4151 gestae
806 4096 865 4140 Diui
884 4088 1008 4151 Augueli³
1021 4108 1069 4153 pp.
1090 4095 1120 4139 35
1141 4107 1179 4150 sq.

423 4175 432 4205 ²
451 4181 495 4226 cn·
514 4180 659 4226 Mommsen
680 4181 718 4226 SR
738 4173 777 4224 11³
798 4181 868 4224 1101.
