3004 5066
815 405 846 411 .-
875 374 913 426 (38
941 409 974 416 fl

344 542 433 606 tricii
456 540 594 605 eiusdem
616 539 755 603 lioraiais
777 538 983 602 hereditatem
1004 545 1094 619 pente
1117 537 1160 601 ad
1175 557 1207 602 se
1222 536 1360 602 dicerent
1374 538 1449 601 red-

344 647 415 726 isse,
447 665 550 708 11111111
582 645 615 706 ia
650 663 685 705 ea
721 661 817 704 carisa
847 639 914 720 fait
937 639 1118 702 oratoribus
1140 639 1178 702 de
1201 646 1263 702 toto
1287 641 1393 724 stirpis
1416 648 1449 702 et

341 747 532 829 pestilitatis
566 746 637 808 iure
670 741 860 806 dicendam?
904 740 990 816 Quae
1022 741 1120 806 uerba
1150 741 1182 804 in
1213 739 1299 805 hunc
1322 742 1446 805 modum

342 847 579 931 interpretanda
602 867 728 910 censeo:
752 843 842 908 Unus
866 865 903 907 ex
926 843 1087 907 Marcellis
1107 865 1234 908 seruum
1248 843 1447 908 liberauerat.

343 950 420 1014 Cum
442 951 515 1031 post
537 949 642 1012 liberti
667 952 802 1012 mortem
826 947 922 1010 etiam
944 946 1028 1010 filius
1052 946 1118 1010 eius
1134 951 1167 1010 et
1177 946 1270 1010 heres
1282 947 1449 1010 intestatus
1498 1003 1500 1006 .

342 1057 485 1116 mortuus
517 1055 601 1115 esset
631 1072 733 1131 neque
764 1072 837 1114 suos
860 1049 993 1122 heredes
1016 1049 1205 1130 reliquisset,
1229 1049 1449 1112 manumissori
1499 1043 1500 1088 1

341 1154 500 1218 hereditas
529 1157 596 1216 erat
623 1150 774 1216 adeunda.
820 1150 881 1214 Sed
903 1151 930 1214 is
953 1173 1078 1232 quoque
1101 1155 1243 1215 mortuus
1267 1155 1335 1215 erat
1354 1150 1448 1214 nullis

341 1257 405 1321 suis
438 1255 607 1320 heredibus
641 1253 769 1318 relictis.
814 1252 1098 1336 lurisprudentium
1126 1253 1245 1334 scripta
1271 1275 1334 1316 non
1355 1252 1447 1334 plane

342 1358 520 1435 ostendunt,
553 1379 626 1420 num
653 1356 704 1420 lex
727 1359 800 1438 post
821 1360 989 1438 patronum
1013 1360 1146 1436 agnatos
1169 1355 1236 1418 eius
1260 1359 1292 1418 et
1314 1354 1447 1436 gentiles
1496 1387 1500 1466 p

343 1460 382 1522 ad
412 1459 621 1522 hereditatem
648 1457 819 1522 uocauerit.
865 1455 947 1522 Utut
969 1461 1027 1534 est,
1050 1457 1175 1538 patroni
1198 1456 1334 1538 gentiles
1357 1456 1446 1520 bere·

342 1561 473 1624 ditatam
489 1559 582 1628 ,adire
604 1560 754 1642 potuisse,
777 1560 829 1624 uel
851 1559 903 1622 hie
925 1559 1014 1624 locus
1037 1559 1232 1622 demonstrat
1245 1557 1264 1621 ¹.
1303 1559 1446 1622 Forsitan
1497 1585 1500 1640 1

341 1667 493 1745 patronus
524 1685 594 1726 oum
622 1663 686 1726 suis
708 1661 844 1744 proximi
867 1661 976 1744 agnati
998 1661 1069 1726 loco
1091 1661 1302 1726 hereditatem
1325 1660 1444 1736 adierit,

342 1769 373 1827 et
406 1763 502 1828 tertio
536 1763 606 1827 loco
641 1763 680 1826 ad
712 1785 782 1826 eam
809 1763 915 1826 uocati
938 1763 1002 1826 sint
1024 1762 1159 1844 gentiles
1181 1763 1289 1826 liberti
1312 1762 1456 1837 hominis,

1498 1753 1500 1836 l

340 1866 576 1945 liberorumque
600 1865 676 1942 eius,
700 1865 719 1927 i.
744 1888 770 1928 e.
787 1887 864 1947 gens
880 1865 1016 1948 patroni.
1051 1863 1134 1928 Nam
1151 1864 1444 1939 constatlibertum,
1498 1889 1500 1896 ¹

341 1968 456 2050 quique
480 1967 520 2030 ab
544 1989 581 2030 eo
603 1967 762 2048 progeniti
786 1972 900 2045 essent,
924 1968 956 2030 in
977 1967 1214 2030 manumissoris
1231 1970 1325 2048 gente
1341 1965 1443 2043 fuisse,

1498 1959 1500 1988 l

1499 1989 1500 2014 l

341 2091 533 2149 quamquam
562 2069 623 2150 ipsi
645 2091 707 2132 non
730 2074 820 2132 erant
843 2069 987 2150 gentiles
1032 2066 1143 2150 Itaque
1167 2067 1289 2132 Claudii
1312 2067 1443 2150 patricii,
1498 2045 1500 2104 i

342 2193 421 2250 quae
444 2170 528 2234 bona
550 2171 634 2234 filius
656 2170 798 2234 libertini
821 2172 906 2236 illius
921 2171 1103 2252 reliquerat,
1119 2170 1181 2234 sibi
1192 2170 1443 2244 uindicaueruna
1499 2169 1500 2204 l

342 2291 412 2334 oum
436 2272 539 2353 gentis
563 2271 711 2335 Claudiae
734 2271 856 2350 fuisset,
880 2272 942 2336 sibi
965 2273 1173 2336 hereditatem
1197 2271 1442 2336 adiudicandam.
1498 2291 1500 2368 ,

341 2371 415 2436 Nou
436 2377 608 2454 potuerunt
630 2395 747 2454 negare
771 2373 894 2438 Claudii
917 2373 1071 2452 Marcelli,
1094 2373 1166 2438 illos
1189 2373 1352 2437 Claudiam
1367 2396 1440 2454 gen·
1498 2373 1500 2420 i

1497 2267 1500 2286 t

341 2479 405 2538 tem
429 2497 511 2551 esse3
535 2475 590 2538 sed
613 2477 696 2556 quod
719 2499 828 2540 omnes
850 2477 994 2541 Marcelli
1018 2499 1079 2540 uno
1096 2476 1444 2558 sanguinenatiessent
1498 2469 1500 2490 ¹

342 2582 437 2658 atque
460 2577 558 2660 stirpe
582 2579 665 2642 inter
687 2601 721 2642 se
745 2583 850 2642 essent
873 2580 1016 2657 connexi,
1040 2602 1073 2642 se
1097 2584 1443 2660 quoquegentemesse

341 2684 373 2742 et
404 2679 566 2760 gentilicio
597 2679 664 2742 iure
687 2679 749 2743 frui
773 2685 930 2763 oportere.
976 2681 1132 2755 Quoniam
1155 2680 1254 2761 igitur
1275 2681 1344 2743 iure
1367 2680 1442 2742 duae
1499 2737 1500 2746 ,

341 2781 488 2844 Claudiae
520 2785 630 2862 gentes
662 2787 776 2860 essent,
808 2805 943 2863 aequum
975 2805 1052 2860 esse,
1081 2805 1114 2845 se
1142 2782 1227 2864 ipsos
1251 2783 1300 2845 sui
1323 2781 1442 2844 clientis

340 2883 549 2946 hereditatem
572 2883 667 2947 adire.
713 2883 774 2948 Sed
797 2885 830 2947 in
853 2907 890 2948 eo
913 2889 982 2949 tota
1004 2907 1054 2948 res
1079 2888 1147 2948 erat
1162 2883 1396 2962 Marcellorum,
1410 2887 1442 2946 ut
1499 2875 1500 2914 3

340 3007 373 3047 se
396 2989 524 3066 gentem
547 3007 616 3048 esse
639 2986 774 3067 probare
797 2991 935 3067 possent.
974 2986 1055 3061 (laid
1070 2986 1109 3049 ad
1125 2985 1204 3050 haee
1227 2985 1366 3049 Claudiis
1387 3009 1439 3067 pa-

339 3086 438 3149 triciis
464 3088 717 3167 respondendum
745 3091 834 3152 erat?
879 3088 1029 3166 Primum,
1053 3089 1137 3168 quod
1159 3087 1294 3165 uideam,
1317 3110 1440 3151 monere

339 3191 496 3268 poterant,
520 3189 650 3269 uulgato
674 3211 818 3252 sermone
841 3211 903 3254 non
926 3189 996 3271 plus
1019 3212 1112 3252 unam
1136 3189 1299 3252 Claudiam
1318 3195 1438 3272 gentem

1498 3287 1500 3352 1

442 3355 613 3406 ¹Mommsen
639 3361 677 3406 SR
695 3361 735 3406 ΙΙΙ
753 3376 777 3421 p.
798 3363 844 3410 427
865 3376 900 3410 a:
930 3362 983 3408 “An
1002 3363 1047 3408 der
1067 3363 1148 3408 Saohe
1168 3361 1209 3419 (ad
1229 3365 1333 3419 gentem
1352 3366 1382 3408 ut
1398 3376 1438 3422 pa·
1499 3357 1500 3374 ¹

341 3447 416 3506 troni,
444 3447 480 3491 ita
506 3445 592 3490 liberti
618 3446 790 3492 hereditatem
815 3447 916 3504 cedere)
935 3448 969 3494 ist
987 3449 1045 3493 kain
1065 3447 1178 3501 Zweifel;
1198 3447 1231 3492 ob
1250 3447 1292 3491 bei
1311 3447 1356 3492 der
1374 3447 1438 3492 Frei·
1498 3443 1500 3452 ’

338 3529 626 3588 gelassenenerbsohaft
636 3530 682 3576 das
691 3530 838 3590 civia-echi,
847 3533 900 3577 und
910 3533 935 3576 in
945 3533 990 3577 der
997 3533 1089 3578 Klesse
1096 3533 1161 3578 111111
1168 3533 1274 3589 legitimi
1283 3531 1328 3576 der
1338 3533 1438 3577 Praetor
1499 3557 1500 3584 2

339 3617 379 3662 die
399 3615 518 3661 Gentilen
538 3615 720 3662 ausdriicklioh
739 3614 828 3675 bertof,
847 3617 881 3662 ist
899 3617 969 3662 nieht
987 3631 1019 3662 zu
1038 3613 1230 3663 entsebeiden.“
1266 3616 1355 3674 Doleo,
1373 3615 1437 3674 quod

338 3700 463 3746 Husahhii
487 3700 594 3745 librum:
620 3699 725 3744 Studien
745 3713 792 3746 zur
810 3701 957 3746 rbmiscben
983 3702 1073 3761 Reoht,
1093 3701 1126 3747 ad
1144 3713 1222 3758 quem
1242 3699 1388 3746 Mommsen
1406 3700 1436 3744 le·
1498 3709 1500 3762 1

338 3789 428 3842 gentes
448 3785 558 3841 delegat,
578 3797 628 3828 non
648 3785 711 3830 milri
729 3787 836 3843 contigit
848 3789 876 3831 ut
889 3786 1051 3846 inspicerem.
1081 3786 1161 3832 Gaius
1176 3785 1435 3832 11158haechabet:

338 3873 403 3915 ciuis
421 3871 521 3914 romani
539 3869 625 3914 tiberii
643 3870 770 3914 hereditas
788 3872 821 3915 od
839 3877 973 3916 1111111111
991 3873 1092 3916 heredes
1101 3873 1210 3929 patroni
1222 3873 1291 3916 cirillo
1304 3871 1373 3916 modo
1383 3874 1436 3928 pir·

339 3957 406 4000 tinet.
437 3953 535 3998 Eadem
553 3953 635 3998 uerba
657 3957 797 3999 occurrunt
819 3955 879 4000 ibid.
899 3953 912 4010 ἓ
933 3957 971 4000 64,
999 3955 1043 4000 Cir
1062 3956 1119 4014 Ulp.
1138 3957 1187 4002 272'
1207 3955 1367 4000 Libertorum
1381 3956 1435 3998 inte
1498 3975 1500 4016 1

337 4045 460 4084 stateram
480 4038 606 4082 hereditas
620 4040 734 4095 priniana
755 4040 788 4083 ad
805 4053 864 4084 suos
881 4040 982 4084 heredes
991 4042 1116 4099 1111111111
1128 4041 1215 4086 deinde
1228 4041 1261 4085 ad
1274 4053 1321 4094 eos,
1336 4050 1434 4098 arcarum

336 4124 421 4168 tiberii
439 4129 505 4178 sunt,
524 4123 592 4168 aetat
612 4128 759 4183 patronam,
774 4131 912 4182 patronam
938 4125 1060 4171 liberatae
1078 4127 1187 4184 patroni
1205 4139 1223 4172 1,
1243 4141 1265 4184 q.
1283 4121 1321 4171 s.“
1341 4125 1366 4169 et
1385 4121 1433 4167 Gai.
1499 4129 1500 4186 i

336 4208 348 4252 I
369 4209 424 4253 165.
