3004 5066
542 447 702 498 ..19.η

77 630 134 690 quo
167 609 248 689 apud
282 607 466 671 Ciceronem
499 612 531 670 et
558 607 685 671 Liuium
707 607 825 670 tradita
848 612 905 672 est.
952 607 1073 672 Uerum
1096 610 1179 672 enim

75 733 135 775 non
165 732 271 774 omnes
302 709 455 792 patriciae
485 715 596 791 gentes
619 709 776 790 originem
799 732 888 774 suam
910 711 1030 791 primae
1053 715 1180 793 patrum

76 812 222 876 creationi
256 811 441 875 debuerunt.
481 809 598 891 ltaque
630 811 656 873 si
688 811 768 874 scire
792 811 945 893 cupimus,
969 834 1044 874 num
1067 812 1099 874 in
1121 835 1178 893 pa·

74 913 180 976 triciae
211 913 386 976 nobilitatis
419 913 541 993 origine
570 911 756 993 explicanda
779 913 902 993 antiqui
924 913 1095 995 scriptores
1118 913 1179 976 sibi

74 1015 132 1096 ipsi
159 1018 313 1090 constent,
341 1014 512 1077 uidendum
535 1018 592 1090 est,
616 1013 775 1094 quomodo
798 1019 920 1078 ceteras
944 1019 1056 1094 gentes
1077 1016 1178 1096 patri-

77 1116 136 1178 cias
167 1120 253 1179 ortas
286 1114 394 1178 uelint.
439 1114 483 1176 Et
513 1115 650 1194 primum
682 1118 817 1191 constat,
848 1137 918 1178 cum
941 1137 1052 1196 regum
1074 1121 1178 1180 aetate

76 1238 170 1280 nouae
202 1220 327 1299 patrum
361 1216 538 1279 creationes
572 1215 675 1279 factae
707 1238 776 1278 esse
805 1216 960 1294 dicuntur,
983 1217 1022 1280 iis
1045 1219 1178 1282 eundem
1296 1264 1311 1289 ,-

77 1340 194 1388 sensum
215 1318 314 1380 tribui
338 1321 432 1399 atque
456 1317 485 1379 ei
507 1321 632 1400 patrum
655 1317 795 1394 lectioni,
819 1340 899 1398 quae
922 1316 1058 1382 Romulo
1079 1320 1177 1383 ascri-

76 1419 166 1482 bitur.
206 1417 257 1482 lta
278 1417 452 1500 Dionysius
474 1423 548 1500 post
570 1441 735 1482 romanam
758 1422 789 1481 et
812 1417 956 1482 sabinam
979 1421 1124 1484 ciuitates
1145 1422 1178 1484 in

76 1542 164 1582 unum
181 1542 299 1602 corpus
323 1519 470 1584 confusas
493 1520 699 1602 patriciorum
715 1541 881 1584 numerum
897 1521 1093 1602 duplicatum
1108 1544 1177 1588 esse

74 1626 174 1684 narrat
201 1627 234 1684 et
261 1643 299 1684 ex
322 1621 412 1684 nouis
435 1621 578 1702 patriciis
602 1625 729 1684 centum
751 1620 868 1684 alteros
891 1626 1054 1720 senatorep
1076 1624 1177 1688 lectos

72 1722 143 1784 facit
172 1720 218 1802 (ΙΙ
239 1721 303 1802 47),
335 1723 482 1802 idemque
504 1727 578 1802 post
601 1720 717 1784 Albam
740 1723 898 1786 deuictam
921 1727 1023 1788 certas
1047 1725 1176 1789 albanas

70 1823 174 1886 domos
196 1829 325 1889 senatus
349 1828 381 1886 et
403 1824 648 1905 magistratuum
671 1845 871 1888 romanorum
888 1826 1060 1906 participes
1076 1826 1177 1890 factas

71 1928 100 1986 et
128 1925 210 1988 inter
241 1925 392 2006 patricias
422 1929 533 2006 gentes
555 1930 737 1988 numeratas
761 1925 853 1988 docet
876 1924 936 2005 (ΙΙΙ
958 1925 1022 2006 29).
1067 1927 1115 1991 De
1138 1928 1177 1991 iis

68 2026 161 2106 igitur
183 2031 313 2107 patrum
336 2026 528 2089 lectionibus
552 2027 682 2089 eandem
705 2025 803 2088 habet
826 2027 1017 2106 opinionem,
1034 2051 1128 2108 quam
1144 2030 1176 2093 in

67 2126 119 2189 illa
139 2125 269 2190 Romuli
291 2127 428 2190 lectione
451 2127 609 2190 narranda
631 2131 831 2208 exposuerat.
868 2125 930 2190 Sed
953 2131 1079 2192 eumad
1096 2129 1175 2194 Tar-

68 2228 163 2308 quinii
195 2233 344 2308 tempora
376 2228 544 2309 processit,
575 2227 670 2308 paulo
702 2227 795 2290 aliter
817 2250 884 2291 rem
907 2229 1059 2310 explicat3
1084 2253 1176 2312 quem

67 2335 170 2392 narrat
201 2328 376 2410 Dionysius
406 2327 466 2408 (Ill
489 2329 543 2407 67)
567 2333 693 2392 centum
716 2329 802 2391 uiros
825 2351 864 2392 ex
887 2332 972 2394 omni
994 2332 1088 2413 plebe
1112 2334 1175 2396 ele-

66 2431 156 2511 gisse,
191 2453 272 2512 quos
305 2435 337 2493 et
368 2431 520 2512 patricios
543 2430 663 2492 faceret
687 2435 718 2492 et
740 2431 824 2494 inter
847 2436 1010 2496 senatores
1033 2433 1175 2498 haberet.
1297 2467 1299 2470 ·

66 2530 204 2596 sirecte
228 2533 266 2595 de
290 2554 327 2595 eo
351 2530 499 2612 Dionysii
521 2531 592 2594 loco
615 2531 834 2608 iudicauimus
858 2555 950 2613 quem
974 2557 1070 2616 supra
1091 2540 1175 2599 attu-

65 2633 164 2710 limus,
188 2655 254 2696 non
278 2638 335 2710 est,
360 2654 415 2695 cur
437 2632 516 2695 haec
540 2655 558 2694 a
580 2637 724 2696 ueterum
748 2634 940 2714 scriptorum
960 2635 1104 2700 doctrina
1119 2660 1175 2718 pe-

65 2736 121 2798 tita
151 2740 300 2816 putemus
335 2738 366 2796 et
399 2734 504 2796 uarias
536 2734 574 2796 de
597 2734 720 2814 origine
743 2735 896 2816 patriciae
919 2736 1083 2817 dignitatis
1106 2739 1175 2819 opi-

65 2837 171 2900 niones
197 2859 217 2898 a
239 2835 413 2898 maioribus
437 2835 527 2915 quasi
549 2834 727 2898 hereditate
751 2841 897 2918 acceptas
914 2837 980 2899 eius
993 2839 1175 2902 testimonio

64 2939 238 3001 credamus.
284 2935 395 3000 Cicero
429 2935 491 3017 (De
514 2959 579 3016 rep.
604 2934 711 3014 1120)
742 2937 788 2998 ita
816 2937 967 3018 loquitur,
990 2943 1026 3001 ut
1047 2940 1176 3020 planum

64 3040 127 3116 fiat,
150 3060 224 3102 eum
248 3059 302 3101 eos
325 3041 442 3118 patrea,
466 3037 520 3117 qui
544 3060 562 3100 a
586 3036 759 3117 Tarquinio
785 3037 892 3100 allecti
908 3045 1023 3116 essent,
1047 3045 1175 3104 senato·
1266 3113 1268 3126 Ι

63 3161 110 3204 res
133 3140 234 3204 fnisse
249 3143 371 3219 putare.
407 3138 517 3200 Liuius
539 3138 619 3201 haec
642 3138 679 3200 de
703 3137 796 3202 Tullo
812 3139 941 3220 scripsit
956 3139 985 3220 (l
997 3141 1065 3221 30):
1078 3145 1175 3224 pria-

64 3243 147 3324 cipes
177 3239 367 3304 albanorum
400 3241 434 3301 iu
460 3247 573 3322 putres
598 3273 635 3284 -
660 3273 698 3281 —-
724 3275 762 3282 ·—
787 3241 878 3322 legit·
900 3280 938 3288 -
962 3243 1173 3327 terrquumquc

63 3343 171 3406 ordini
207 3342 245 3404 ab
280 3363 311 3405 se
344 3349 437 3405 aucto
469 3344 593 3404 curium
620 3341 707 3422 fecit,
736 3363 816 3425 quoe
840 3343 985 3406 Hostilio
1008 3347 1172 3428 usquead

59 3453 190 3527 potrum
222 3451 404 3508 nostrumne
434 3447 620 3506 meritorium
643 3445 808 3527 appellato
831 3453 893 3522 est·
914 3449 1009 3526 atque
1031 3447 1111 3510 haec
1134 3449 1172 3511 de

61 3547 224 3628 superiore
247 3544 421 3626 Tarquinio
445 3543 473 3624 (l
488 3546 557 3625 35):
583 3553 706 3608 centum
722 3548 878 3628 inpetres
891 3548 976 3629 lepit,
989 3550 1045 3630 qui
1057 3549 1173 3612 deinde

61 3650 222 3710 laicorum
251 3649 393 3729 pentima
425 3654 499 3710 aaut
531 3647 697 3729 appellati,
719 3646 821 3726 factio
844 3647 933 3709 11111111
955 3647 1052 3710 dubio
1075 3652 1171 3736 «repis,

62 3749 152 3810 cultis
175 3747 323 3828 beneficio
346 3749 380 3809 iu
405 3749 529 3809 curicus
551 3754 717 3810 uenerant.
755 3745 803 3809 De
819 3745 925 3827 Appio
942 3746 1072 3811 Claudio
1088 3750 1171 3814 inter

61 3849 214 3937 patricios
247 3853 395 3929 promoto
430 3847 509 3911 haec
540 3852 649 3910 narrat
679 3847 852 3928 Dionysius
877 3847 920 3928 (V
943 3847 1011 3928 40);
1035 3847 1055 3932 ἡ
1078 3851 1171 3934 βουλὴ

61 3953 111 4011 καὶ
133 3947 150 4012 ὁ
174 3949 273 4032 δῆμος
296 3947 338 4019 εἰς
357 3987 389 3993 -
409 3951 478 4019 τοὺς
500 3952 672 4030 πατρικίους
695 3947 781 4010 αὐτὸν
804 3947 955 4033 ἐνέγραψε.
999 3951 1170 4018 Suetonius

61 4049 145 4130 (Tib.
172 4049 204 4130 1)
233 4073 315 4132 uago
338 4051 489 4132 loquendi
511 4053 615 4129 mod0,
639 4074 710 4114 cum
732 4050 856 4132 Appius
880 4051 1015 4115 Romam
1038 4057 1170 4118 commi-

59 4156 194 4232 grasset,
216 4159 336 4234 pentem
362 4151 525 4216 Claudiam
548 4154 581 4216 in
603 4153 754 4234 patricias
778 4158 960 4234 cooptatam
984 4155 1068 4218 dicit.
1114 4156 1168 4220 Li-

60 4253 129 4316 uius
171 4273 241 4316 eam
274 4254 426 4328 remhis
464 4255 571 4318 uerbis
605 4258 714 4320 narrat
748 4253 792 4335 (Π
827 4255 892 4334 16);
929 4257 1056 4338 Appius
1090 4260 1174 4322 iuter
