3004 5066
651 468 683 475 .-
711 439 809 492 97..

184 601 293 665 nerim.
337 599 383 664 At
404 600 483 664 haec
505 621 555 664 res
577 623 641 665 non
663 623 713 664 me
736 623 831 684 supra
846 602 973 666 modum
989 601 1160 667 sollicitum
1174 603 1280 668 habet.

180 701 263 768 Nam
287 724 359 766 cum
381 703 458 766 iuris
481 703 604 766 romani
626 707 658 766 et
679 701 831 766 historiae
854 725 1003 768 romanae
1019 704 1159 784 singulas
1174 709 1280 788 partes

180 805 372 888 cogitatione
404 804 572 886 complecti
603 827 709 883 conor,
739 805 840 886 magis
862 807 1027 888 magisque
1050 807 1127 870 mihi
1148 830 1280 889 persua-

179 909 248 986 deo,
279 906 360 970 nihil
389 906 452 970 illis
483 906 596 985 inesse,
620 907 704 988 quod
727 907 868 988 opinioni
890 913 1017 972 nostrae
1039 909 1207 972 molestum
1230 911 1280 973 sit.

179 1009 290 1075 Nihilo
320 1010 422 1074 minus
445 1009 599 1074 hocloco
622 1011 660 1074 de
683 1033 745 1074 una
767 1033 801 1073 re
823 1033 925 1093 pauca
947 1011 1050 1075 dicere
1073 1011 1177 1090 liceat,
1201 1035 1281 1093 quae

180 1135 250 1176 cum
281 1111 434 1193 patriciae
461 1111 625 1193 dignitatis
649 1112 713 1175 uim
736 1116 769 1176 et
790 1116 935 1176 naturam
956 1113 1195 1194 inuestigamus,
1219 1137 1282 1178 non

179 1235 309 1295 prorsus
331 1214 373 1277 sit
394 1212 593 1294 negligenda.

280 1313 403 1379 Scimus
425 1318 498 1396 post
519 1336 631 1396 regum
647 1319 784 1379 aetatem
798 1316 1006 1398 patriciorum
1017 1339 1183 1380 numerum
1196 1318 1281 1381 chra-

179 1440 247 1482 smu
271 1417 379 1495 fuisse,
400 1420 443 1479 ut
465 1415 582 1495 dicunt,
606 1438 708 1498 neque
732 1457 771 1467 -
795 1417 926 1482 Claudia
948 1441 1011 1482 una
1033 1423 1127 1500 gente
1151 1425 1282 1502 excepta

180 1557 218 1565 —
241 1541 342 1584 nouos
372 1518 524 1601 patricios
554 1503 656 1583 factos
685 1541 753 1584 esse
777 1543 876 1602 usqne
899 1521 938 1584 ad
961 1520 1105 1585 Caesaris
1127 1525 1281 1604 tempora.

179 1621 250 1710 Hoc
284 1621 443 1703 quomodo
478 1621 638 1698 acciderit,
672 1621 764 1686 facile
796 1622 984 1701 declaratur,
1016 1623 1042 1686 si
1069 1621 1281 1688 Niebuhrium

178 1723 279 1788 secuti
311 1723 461 1805 patricios
496 1723 671 1787 archiciues
702 1723 800 1788 fuisse
828 1724 1041 1788 statuerimus.
1094 1723 1178 1789 Nam
1210 1747 1282 1789 cum

178 1826 254 1889 noui
288 1825 373 1890 ciues
407 1825 623 1903 accessissent,
656 1847 790 1906 quorum
813 1825 846 1889 in
867 1848 901 1889 re
923 1825 1052 1907 publica
1074 1827 1176 1890 minor
1200 1832 1283 1891 esset

179 1928 332 2009 potentia,
363 1932 610 1992 consentaneum
638 1932 715 2005 erat,
739 1949 777 1991 ex
800 1928 962 1992 ueteribus
986 1928 1109 1992 ciuibus
1131 1929 1281 1993 nobilita-

178 2034 243 2092 tem
266 2030 425 2111 quandam
446 2029 550 2111 gigni3
574 2029 664 2092 cuius
688 2051 759 2092 cum
781 2029 863 2093 ratio
887 2034 919 2094 et
939 2030 1130 2112 principium
1152 2032 1186 2094 in
1202 2032 1281 2095 ciui·

177 2132 253 2194 tatis
283 2132 472 2213 antiquitate
503 2131 609 2212 posita
641 2136 755 2211 essent,
786 2132 856 2195 fieri
878 2133 933 2195 uix
955 2137 1090 2214 poterat,
1113 2137 1149 2196 ut
1171 2132 1281 2196 alienis

178 2233 381 2297 incrementis
404 2238 583 2316 augeretur.
627 2231 683 2297 Sin
706 2256 774 2297 eam
795 2234 956 2316 sequimur
971 2236 1170 2314 sententiam,
1187 2257 1282 2316 quam

179 2335 318 2399 defendit
349 2334 485 2414 Rubino,
517 2359 620 2402 nonne
651 2340 720 2400 tum
752 2359 878 2419 quoque
913 2337 1070 2402 extricare
1103 2359 1280 2420 possumus,

179 2437 337 2518 quomodo
361 2438 511 2516 euenerit,
535 2443 571 2502 ut
592 2438 625 2503 in
646 2438 854 2519 patriciorum
869 2461 1036 2503 numerum
1050 2438 1281 2503 nouihomines

177 2561 241 2603 non
264 2539 525 2604 admitterentur?
565 2539 605 2604 Ut
628 2563 687 2624 ego
710 2542 823 2620 sentio,
845 2541 945 2606 nihilo
969 2541 1134 2605 obscurior
1149 2540 1281 2618 eritres,

178 2641 205 2703 si
225 2648 346 2725 potres,
373 2641 393 2704 i.
417 2663 444 2704 e.
468 2645 630 2705 senatores
652 2643 814 2724 patricios,
837 2643 989 2724 patriciae
1012 2642 1188 2706 nobilitatis
1210 2642 1281 2706 fon-

178 2747 243 2806 tem
265 2742 363 2805 fuisse
386 2743 594 2824 posuerimus.
628 2741 712 2808 Nam
727 2744 856 2826 regibus
872 2744 991 2807 exactis
1006 2766 1099 2808 nemo
1111 2743 1172 2806 nisi
1185 2765 1281 2825 coop-

178 2844 298 2908 tatione
331 2848 458 2926 patrum
490 2844 523 2907 in
559 2844 637 2908 illud
668 2845 896 2928 amplissimum
926 2845 1093 2909 concilium
1115 2846 1281 2928 peruenire

178 2951 319 3029 poterat;
349 2950 381 3010 et
406 2945 482 3010 licet
504 2948 722 3026 concedamus,
746 2949 786 3012 ad
807 2948 1013 3032 patriciorum
1036 2969 1200 3012 numerum
1224 2970 1281 3011 au-

179 3049 316 3130 gendum
348 3047 431 3112 hanc
464 3049 547 3112 uiam
579 3051 725 3133 usurpari
755 3050 907 3132 potuisse,
929 3056 1037 3114 tamen
1059 3087 1099 3096 -—
1122 3054 1157 3114 ut
1179 3050 1282 3115 solent

180 3150 380 3232 optimatium
412 3151 566 3216 factiones
598 3152 689 3215 auide
718 3142 949 3234 potentiam'et
971 3152 1169 3216 nobilitatem
1193 3175 1280 3216 suam

180 3251 338 3315 custodire
362 3287 399 3294 -
424 3275 486 3316 non
520 3253 681 3332 miramur,
716 3254 800 3336 quod
833 3255 872 3318 ad
902 3253 1067 3336 patriciam
1095 3253 1279 3336 dignitatem

179 3357 302 3416 mature
325 3354 428 3418 aditus
451 3355 493 3418 sit
514 3355 713 3419 interclusus.
747 3355 791 3419 At
806 3356 958 3438 patricius
970 3355 1072 3421 honor
1084 3377 1155 3419 oum
1167 3377 1282 3437 magna

179 3459 337 3536 potestate
372 3461 440 3520 erat
473 3457 673 3534 coniunctum
705 3458 781 3539 quid
812 3480 888 3540 ergo
916 3481 1029 3522 causae
1051 3459 1149 3522 fuisse
1172 3458 1281 3522 existi-

179 3556 345 3637 mabimus,
370 3580 425 3621 cur
447 3580 510 3622 non
532 3558 622 3622 illum
644 3559 734 3641 plebs
756 3559 914 3622 libertatis
938 3582 1012 3623 suae
1035 3560 1280 3642 propugnatori-

178 3659 238 3722 bu's
271 3682 383 3742 parare
419 3663 607 3725 conaretur?
652 3661 742 3736 Quod
769 3660 842 3725 talis
870 3661 984 3743 agendi
1006 3662 1117 3725 modus
1140 3663 1179 3724 ad
1201 3685 1281 3744 pau·

180 3783 288 3826 corum
319 3768 510 3845 potestatem
539 3764 745 3846 frangendam
772 3785 882 3846 parum
907 3769 975 3828 erat
997 3764 1138 3828 idoneus.
1183 3763 1280 3829 Prae-

179 3863 285 3927 stabat
299 3870 424 3946 patrum
438 3866 615 3948 potentiam
627 3865 780 3945 imminui,
793 3888 902 3930 ueram
913 3866 1036 3948 imperii
1049 3867 1281 3948 possessionem

180 3965 219 4028 ab
242 3965 304 4029 illis
327 3967 366 4031 ad
381 3969 586 4050 magistratus
600 3969 776 4048 transferri,
792 3969 901 4053 populi
913 3969 1078 4051 plebisque
1089 3973 1279 4051 potestatem

180 4069 298 4149 augeri.
342 4069 448 4152 Atque
472 4071 591 4136 dehac
614 4072 741 4154 quidem
763 4095 798 4137 re
820 4073 883 4136 iam
906 4072 982 4137 satis
1005 4073 1132 4137 dictum»
1146 4078 1224 4138 este.

279 4170 339 4237 Hic
377 4175 529 4254 opusculo
561 4198 631 4240 meo
662 4176 757 4240 finem
788 4177 927 4260 impono.
972 4174 1085 4240 Omnia
1107 4176 1185 4239 mihi
1207 4197 1280 4257 per-

179 4272 321 4352 suadent,
346 4276 495 4356 patricias
518 4282 627 4359 gentes
650 4279 681 4342 in
704 4279 759 4343 illo
778 4287 909 4363 patrum
934 4285 1026 4345 coetu
1049 4279 1169 4342 fontem
1192 4300 1282 4341 suam
