3004 5066
809 411 906 460 -.16
950 442 964 446 -

336 570 532 652 temporibus
566 592 599 633 se
633 570 782 632 habuisse
817 573 1020 634 censeamus?
1066 570 1183 634 Fabius
1216 571 1324 636 Pictor
1347 577 1440 634 natus

338 678 386 736 est
425 673 551 735 circiter
589 693 670 734 anno
709 672 924 735 ducentesimo
959 673 1222 756 quinquagesimo
1256 697 1283 736 a.
1319 671 1375 736 Oh.
1410 697 1439 735 u.

337 773 486 836 Proximo
519 774 617 854 igitur
650 778 723 835 ante
756 773 821 835 eius
856 777 994 836 aetatem
1027 773 1152 837 saeculo
1185 797 1279 854 quam
1302 775 1440 836 maxime

336 875 515 955 flagrabant
550 873 656 937 ciuilia
690 875 872 950 certamina,
910 896 1043 954 quorum
1079 876 1232 938 memoria
1264 875 1373 938 multis
1410 881 1441 938 et

337 976 532 1056 grauissimis
561 974 686 1056 legibus
709 976 907 1052 seruabatur,
931 997 1011 1055 quae
1034 980 1161 1038 sanctae
1185 981 1300 1051 essent,
1323 983 1359 1040 ut
1382 999 1439 1058 pa-

335 1076 500 1140 triciorum
534 1081 565 1139 et
598 1075 700 1156 plebis
735 1077 990 1140 contentionibus
1021 1078 1092 1140 finis
1120 1078 1346 1158 imponeretur.
1393 1076 1440 1141 Ita

338 1183 462 1240 constat
484 1200 565 1240 anno
589 1201 616 1240 a.
634 1177 690 1240 Ch.
711 1201 741 1240 n.
764 1179 989 1246 trecentesimo
1012 1180 1173 1242 tricesimo
1194 1200 1277 1242 nouo
1294 1201 1312 1240 a
1328 1177 1439 1240 Publi-

292 1303 296 1312 ’
336 1279 379 1342 lio
403 1278 537 1342 Philone
560 1279 714 1342 dictatore
736 1279 836 1343 latum
859 1301 936 1356 esse,
960 1288 994 1342 et
1012 1280 1182 1364 plebiscita
1205 1301 1311 1342 carries
1334 1282 1439 1363 quiri-

338 1389 383 1443 tes
410 1387 551 1443 tenerent
574 1415 612 1424 —-
637 1381 721 1460 quod
744 1382 839 1443 etiam
861 1381 932 1462 plus
956 1387 1081 1444 centum
1105 1382 1194 1444 annis
1218 1386 1290 1444 ante
1313 1381 1439 1461 legibus

337 1480 476 1545 Ualeriis
510 1481 652 1544 Horatiis
685 1483 892 1544 constitutum
920 1505 988 1546 esse
1012 1483 1126 1545 dicitur
1149 1521 1187 1530 -
1212 1487 1244 1545 et
1268 1491 1300 1544 ut
1324 1483 1437 1564 lepram,

337 1604 417 1666 quire
440 1585 577 1646 corru'te'e's
600 1585 789 1645 centuriatis
810 1583 985 1663 feriaretur,
1009 1591 1082 1646 onte
1105 1585 1221 1646 initura
1245 1583 1439 1665 seffrupinrn

329 1691 441 1766 quaeres
473 1691 619 1746 eierctores
648 1682 770 1763 fierent
794 1706 856 1763 qua
878 1683 949 1764 lege
972 1684 1023 1746 uel
1045 1684 1261 1747 firmissimum
1284 1685 1439 1765 patriciae

332 1785 499 1865 potestatis
522 1785 752 1846 munimentum
773 1785 930 1848 sublatum
950 1791 1013 1860 est;
1031 1779 1165 1866 deniqiie
1181 1793 1216 1848 et
1231 1786 1313 1848 alter
1331 1788 1439 1869 ntique

333 1907 370 1948 ea
398 1885 488 1968 plebe
523 1907 632 1948 censor
665 1895 837 1948 accuretur.
882 1885 1005 1948 Deinde
1029 1909 1110 1949 anno
1134 1910 1160 1948 a.
1185 1885 1241 1949 Oh.
1265 1892 1438 1950 mtrecen·

332 1987 445 2050 tesimo
469 1987 635 2066 rogatione
660 1985 798 2067 Ogulnia
822 1987 1029 2050 constitutum
1052 1993 1109 2062 est,
1133 1995 1168 2050 ut
1192 2009 1261 2050 curn
1284 1996 1439 2072 quattuor·

327 2087 494 2170 pontifices
518 2110 554 2150 eo
574 2096 756 2171 tempestate
775 2095 877 2151 essent
889 2090 1091 2172 placeretque
1107 2092 1220 2172 uesperi
1236 2091 1436 2152 sarcerdotem

332 2210 509 2269 nutrieram,
533 2196 684 2272 quattuor
703 2190 880 2272 pontifices,
905 2193 1043 2273 quiesque
1064 2211 1203 2271 caperes
1219 2191 1257 2252 dc
1268 2191 1359 2273 plebe
1373 2213 1439 2253 orir-

332 2311 388 2352 ncs
411 2290 645 2371 ollepcrentur:
680 2288 766 2364 Quae
788 2292 913 2371 rogatio
936 2313 1000 2353 non
1022 2291 1083 2353 nisi
1105 2297 1179 2372 post
1201 2313 1332 2372 magnas
1361 2313 1438 2355 con-

332 2387 498 2453 tentiones*
514 2389 636 2471 perlata
660 2395 717 2466 est,
741 2392 767 2452 si
790 2390 881 2454 Liuio
906 2392 1104 2455 credendum.
1144 2391 1224 2455 Tum
1248 2393 1365 2455 scimus
1391 2394 1438 2456 ul-

331 2493 441 2554 timam
475 2492 577 2572 plebis
612 2496 814 2554 secessionem
849 2493 966 2555 factam
1001 2515 1068 2557 esse
1104 2499 1135 2557 et
1168 2494 1240 2575 lege
1263 2494 1438 2558 Hortensia

331 2595 431 2657 denuo
456 2594 686 2669 confirmatum,
710 2597 745 2656 ut
767 2594 935 2675 plebiscita
957 2595 1063 2676 legum
1085 2596 1150 2658 uim
1173 2594 1336 2658 haberent.
1376 2596 1437 2659 At-

331 2717 390 2775 que
423 2695 519 2757 etiam
551 2695 602 2756 lex
631 2694 757 2756 Maenia
788 2694 849 2757 huc
877 2695 1025 2776 pertinet,
1056 2719 1118 2776 qua
1147 2701 1290 2760 sanctum
1320 2703 1379 2772 est,
1403 2707 1438 2763 ut

330 2802 396 2859 tum
425 2817 561 2876 quoque,
586 2817 656 2857 cum
680 2796 885 2876 magistratus
909 2803 1101 2872 crearentur,
1126 2801 1296 2877 antequam
1319 2799 1436 2861 suffra-

329 2897 414 2977 gium
438 2897 552 2958 initum
576 2900 668 2972 esset,
691 2901 798 2976 patres
818 2903 963 2960 auctores
979 2898 1101 2960 fierent.
1137 2897 1224 2972 Quae
1240 2899 1291 2961 lex
1307 2901 1457 2979 quando,

329 2997 413 3058 iussa
447 2997 497 3071 sit,
532 3018 594 3059 non
629 3002 763 3073 constat,
797 2997 858 3060 nisi
883 2999 966 3077 quod
989 3020 1052 3062 non
1074 2999 1171 3079 longo
1194 3003 1338 3080 tempore
1362 3007 1437 3064 ante

329 3096 421 3159 Fabii
455 3102 592 3160 aetatem
625 3103 739 3178 rogata
773 3104 829 3161 est.
875 3097 975 3162 Immo
1003 3100 1070 3180 ipse
1097 3106 1205 3162 noster
1228 3099 1347 3164 Fabius
1371 3125 1436 3165 non

328 3198 430 3260 solum
452 3199 538 3260 fama
561 3204 592 3262 et
615 3200 771 3263 maiorum
794 3201 1029 3264 narrationibus
1052 3202 1259 3282 patriciorum
1282 3207 1313 3265 et
1330 3203 1436 3284 plebis

329 3299 501 3362 certamina
536 3306 738 3380 cognouerat.
792 3299 951 3381 Scriptum
985 3307 1088 3364 exstat
1121 3303 1204 3383 apud
1237 3301 1434 3379 Sallustium,

329 3400 557 3463 discordiarum
591 3405 623 3463 et
657 3402 837 3465 certaminis
871 3402 965 3466 finem
1000 3404 1096 3466 fuisse
1119 3405 1291 3467 secundum
1314 3405 1434 3468 bellum

327 3502 476 3582 punicum
489 3502 508 3577 ¹,
544 3503 628 3582 quod
659 3503 696 3564 de
728 3504 935 3583 patriciorum
965 3526 1034 3567 oum
1058 3504 1150 3585 plebe
1175 3506 1434 3570 contentionibus

328 3603 543 3684 accipiendum
568 3608 624 3665 est.
663 3603 755 3667 Unde
779 3605 965 3668 concludere
983 3628 1150 3687 possumus
1166 3605 1300 3669 Fabium
1316 3607 1434 3671 horum

328 3705 534 3767 certaminum
568 3705 687 3785 aliquid
720 3707 847 3770 uidisse.
892 3707 998 3788 Atque
1031 3707 1209 3770 Mommsen
1242 3709 1352 3786 credit,
1375 3732 1433 3791 per

327 3827 491 3868 censuram
515 3805 547 3868 G.
572 3805 720 3868 Flaminii
744 3809 943 3871 comitiorum
967 3809 1215 3872 centuriatorum
1237 3832 1354 3873 nouum
1379 3834 1431 3874 or-

327 3906 431 3968 dinem
457 3907 637 3970 institutum
664 3930 731 3970 esse
762 3931 861 3989 eaque
885 3911 1050 3973 occasione
1076 3911 1115 3972 ad
1139 3912 1306 3974 centenius
1318 3914 1426 3994 putri-

328 4010 394 4069 ce'ns
417 4029 547 4090 procum
569 4008 712 4090 plebeios
735 4009 879 4074 homines
903 4013 1056 4075 admissos
1080 4010 1179 4074 esset
1224 4010 1316 4074 Certe
1340 4013 1430 4076 uide-

334 4121 339 4130 '
430 4141 521 4192 ¹1nst.
541 4146 553 4190 1
572 4150 594 4192 a.
631 4147 745 4193 narsen.

430 4224 440 4254 ²
458 4231 496 4276 SR
514 4230 554 4276 III
573 4245 615 4290 pp.
636 4233 692 4291 254,
714 4235 769 4278 270.
