3004 5066
595 367 753 420 „75-

136 533 268 612 auspicio
301 533 483 612 1333333333,
517 550 597 616 perere
626 532 680 593 iso·
709 551 746 592 ne
775 532 1222 617 13333333133333133333111113133

134 630 242 694 33113333.
282 633 398 712 ,Liceat
425 634 586 712 addamus,
610 654 689 713 quae
712 631 837 713 patricii
860 633 1020 697 dictitasse
1044 638 1220 712 narrantur,

133 736 288 814 postquam
318 733 354 798 L.
379 733 547 812 Genucius,
571 733 624 814 qui
647 732 767 814 primus
790 756 807 796 3
830 734 922 815 plebe
945 735 1054 798 consul
1077 736 1141 798 suis
1164 759 1220 799 au-

132 833 227 913 spiciis
257 835 375 900 bellum
408 840 545 918 gereret,
576 835 608 897 in
637 834 766 898 insidias
796 836 1021 917 praecipitatus
1045 841 1076 900 33
1099 837 1221 900 occisus

131 940 205 999 esset
226 935 301 1016 (VII
325 936 371 1017 6):
399 939 492 1018 irent,
516 944 660 1000 crearent
680 938 1221 1021 33133331333331331,33113313333333

130 1039 277 1120 euspicio,
312 1061 374 1122 quo
409 1039 502 1118 nefus
530 1045 617 1103 esser.
662 1039 807 1102 Potuisse
828 1046 938 1121 putres
956 1039 1122 1122 plebiscito
1144 1041 1221 1123 pelli

128 1139 290 1205 3331331333
319 1147 404 1225 suia·
431 1165 506 1207 nuru
534 1144 629 1205 etium
657 1144 691 1205 333
719 1142 793 1204 (1333
818 1143 1010 1205 1133313333133
1034 1143 1220 1224 1333333133-

129 1248 187 1304 tuoe
220 1243 316 1327 tepea
351 1245 517 1310 uolrrisse?
568 1244 612 1308 Hi
644 1243 706 1306 loci
741 1247 849 1326 aperte
883 1243 1061 1320 ostendunt,
1095 1242 1220 1306 Liuium

128 1364 212 1406 omne
241 1345 317 1408 olim
347 1347 508 1429 plebeium
530 1369 629 1427 genus
653 1345 800 1429 auspiciis
824 1349 856 1409 et
877 1345 1012 1427 publicis
1035 1349 1067 1408 33
1089 1344 1220 1425 31133313

89 1495 93 1502 .
128 1445 279 1510 exclusum
314 1452 452 1529 putasse,
487 1471 589 1530 neque
622 1449 826 1530 patriciorum
859 1451 937 1512 nutu
959 1453 1053 1528 atque
1076 1447 1219 1527 imperio,

129 1548 179 1611 sed
211 1549 284 1629 quia
318 1550 401 1614 inter
434 1550 576 1632 plebeios
609 1550 752 1614 homines
784 1555 815 1612 ct
849 1551 924 1612 (1333
957 1548 1065 1630 populi
1098 1547 1220 1611 romani

128 1649 239 1712 nullum
275 1655 312 1713 ut
342 1651 387 1714 133
421 1652 521 1715 dicam
546 1652 767 1715 commercium
799 1654 890 1714 33333.
935 1649 977 1712 113
1004 1648 1119 1726 uerbis
1142 1670 1222 1727 quae

127 1773 160 1814 331
190 1749 234 1814 lv
258 1753 277 1814 6
302 1757 334 1816 33
321 1752 461 1816 311116
491 1754 713 1835 excerpsimus
745 1752 870 1834 plebeia
900 1751 1040 1833 auspicia
1071 1753 1103 1812 et
1130 1749 1221 1812 irrita

125 1855 276 1934 quondam
301 1858 333 1918 33
356 1855 478 1918 nefaria
499 1856 596 1919 inisse
620 1857 720 1918 (1333.
698 1853 974 1930 3333331114]
1000 1853 1118 1934 3331333
1085 1856 1219 1928 3133133,

84 1963 87 1968 ’
124 1955 213 2018 etiam
245 1956 372 2038 priuata
403 1957 543 2038 auspicia
573 1957 658 2038 plebi
690 1958 840 2020 3313311133.
885 1955 968 2019 Nam
998 1954 1076 2017 13333
1107 1953 1218 2016 uerba:

124 2061 330 2142 1333333313(
359 2061 508 2142 prospicio
489 2060 566 2122 (311(
567 2060 714 2139 eburonas,
738 2080 817 2172 ptrue
842 2061 896 2121 isti
921 2056 1220 2140 11311333133133113133

123 2162 242 2244 quidem
267 2161 583 2226 1131333333333333313
607 2163 645 2225 ad
668 2161 808 2243 euspicio
825 2161 929 2242 priuat
931 2183 950 2223 a
917 2159 1129 2224 treferenda
1145 2180 1218 2222 cen-

123 2284 186 2336 seo;
218 2285 322 2343 neque
354 2262 457 2340 uiden,
481 2286 536 2327 cur
558 2263 735 2326 Mommsen
758 2267 790 2326 33
812 2261 952 2340 83133131,
977 2284 1047 2324 cum
1069 2259 1219 2342 patricios

123 2364 193 2426 olim
217 2364 304 2428 solos
326 2364 404 2427 talia
426 2365 567 2448 auspicia
589 2365 737 2429 habuisse
760 2389 822 2429 non
844 2369 971 2446 negent,
986 2363 1047 2427 hoc
1058 2363 1218 2446 3311333311(

124 2465 479 2550 (133313331313331133
510 2468 547 2529 ad
572 2490 608 2529 33
631 2467 771 2548 33331313
792 2467 904 2530 3313331
926 2465 1035 2541 uelint,
1012 2470 1138 2544 tquae
1161 2465 1218 2525 fie-

122 2571 198 2644 rent,
224 2590 296 2630 cum
323 2571 390 2631 “res
414 2569 453 2631 ad
475 2574 591 2649 pat.res
605 2569 789 2632 redissent
834 2567 964 2632 Nam
941 2591 967 2630 33
989 2566 1124 2680 33311311,
1148 2588 1219 2627 cum

121 2669 245 2750 publico
281 2692 409 2733 munere
442 2671 659 2752 fungerentur,
682 2671 832 2751 priuatim
865 2694 898 2734 se
930 2669 1070 2751 auspicia
1101 2667 1217 2730 habere

122 2771 282 2848 dixissent,
306 2772 386 2834 miro
410 2795 484 2836 sane
508 2795 652 2836 sermone
675 2773 724 2836 usi
747 2777 860 2837 esseut.

218 2871 294 2936 Non
326 2873 435 2937 dubito
467 2875 565 2956 igitur
595 2876 776 2954 concedere,
807 2875 931 2938 Liuium
955 2874 992 2936 de
1016 2871 1164 2953 auspiciis
1188 2874 1219 2934 et

120 2974 263 3056 imperi0,
296 2976 379 3056 quod
410 2976 477 3039 sine
511 2977 658 3057 auspiciis
690 3001 757 3041 esse
781 3000 844 3040 non
866 2979 1000 3058 poterat,
1025 2996 1061 3037 ea
1084 2973 1218 3036 sensisse

122 3083 150 3140 33
181 3077 356 3158 scripsisse,
389 3101 468 3158 quae
500 3102 608 3142 eorum
632 3081 773 3162 opinioni
796 3079 887 3143 ualde
910 3078 1048 3154 faueant,
1072 3076 1125 3156 qui
1149 3075 1217 3156 313-

123 3179 193 3242 bem
217 3179 290 3242 inde
314 3201 351 3241 ex
375 3179 461 3243 urbis
483 3181 639 3264 principio
663 3183 824 3248 ciuitatem
847 3179 995 3244 babuisse
1015 3202 1079 3242 non
1093 3177 1218 3260 patian-

122 3285 179 3344 tur.
225 3279 287 3343 Sed
320 3285 397 3362 puto
430 3305 523 3362 posse
557 3284 775 3362 demonstrari,
808 3307 878 3348 eum
908 3304 1029 3346 errasse
1052 3304 1110 3344 nec
1132 3283 1217 3342 reete

123 3382 324 3494 intellexisse,
348 3382 422 3462 quid
445 3383 505 3446 sibi
528 3385 646 3449 uellent
633 3390 741 3450 ttauc
743 3409 813 3450 ores
837 3387 913 3462 eius,
937 3408 1008 3448 cum
1031 3381 1171 3464 auspicia
1187 3385 1218 3444 et

123 3484 285 3565 imperium
308 3483 341 3546 in
363 3485 568 3565 patriciorum
590 3510 630 3568 po
633 3491 747 3551 tateste
742 3487 866 3550 fuisse
890 3486 1039 3550 dicerent.

220 3585 362 3648 Primum
395 3609 458 3650 non
492 3588 593 3665 uideo,
628 3589 701 3670 quid
734 3576 876 3670 plebeios
903 3588 1047 3652 homiues
1069 3586 1216 3668 priuatim

124 3687 277 3771 auspicari
299 3688 507 3769 prohibuerit.
552 3690 672 3754 Eorum
696 3713 820 3772 quoque
843 3713 892 3754 res
916 3691 974 3755 diis
998 3687 1217 3764 euraefuisse,

124 3813 159 3852 ne
186 3789 312 3871 patricii
344 3790 470 3871 quidem
492 3793 692 3873 negauerint;
716 3815 817 3874 neque
840 3793 981 3874 patriciis
1003 3791 1076 3854 inde
1100 3789 1218 3870 aliquid

126 3891 277 3955 commodi
301 3893 449 3956 accedere
472 3894 585 3975 potuit,
609 3895 635 3958 si
657 3894 784 4008 plebeia
806 3894 947 3976 auspicia
966 3915 1095 3976 prorsus
1111 3895 1216 3955 sustu-

124 3993 238 4056 iissent
216 3992 374 4067 tQuod
406 3995 442 4058 de
475 3997 623 4078 auspiciis
653 3997 822 4061 memoriae
851 3994 1215 4079 pi·it0d1umest,maxi-

124 4119 201 4159 mam
229 4099 302 4176 part
304 4117 353 4158 em
381 4096 420 4158 ad
442 4097 653 4162 131331313111
648 4105 718 4164 3333
719 4105 783 4164 tem
806 4099 954 4181 pertinet,
978 4121 1049 4164 cum
1072 4121 1109 4162 33
1131 4097 1216 4162 nulla

124 4200 309 4207 ψ-

222 4199 624 4299 11113111111331181113913
646 4241 666 4287 1.
703 4241 825 4288 Soltaul
846 4241 862 4286 1.
881 4255 905 4300 p.
927 4244 982 4289 192
