3004 5066
810 415 968 466 *13*

335 582 479 652 constare
509 577 681 657 putabatur
711 580 743 638 et
774 597 884 638 eorum
914 575 1052 653 familiis,
1085 575 1138 656 qui
1166 576 1198 638 in
1226 575 1281 638 illo
1305 574 1446 638 consilio

336 683 427 742 erant
450 713 487 721 -
512 699 576 741 non
598 699 748 742 romanae
771 675 980 740 multitudinis
1004 676 1166 757 aliquanta
1187 699 1260 758 pars
1276 677 1444 740 existima·

334 779 438 856 batur,
472 800 555 859 quae
578 800 636 859 pro
659 778 837 859 antiquiore
861 778 976 841 ciuium
999 799 1114 859 genere
1137 778 1248 841 haberi
1270 783 1377 858 posset
1400 812 1446 822 -

336 901 399 943 non
422 901 493 943 eum
516 900 631 962 operae
653 879 790 960 pretium
812 879 968 942 facturum
992 880 1096 956 credo,
1120 879 1174 960 qui
1196 901 1278 942 nunc
1293 879 1444 942 euincere

334 981 470 1056 studeat,
504 981 655 1062 patricios
687 980 855 1061 aliquando
886 980 971 1044 solos
998 981 1083 1043 ciues
1105 979 1211 1044 fuisse.
1256 979 1322 1043 Aut
1343 980 1375 1041 in
1399 979 1443 1042 il-

334 1081 438 1145 lorum
463 1081 589 1162 placitis
613 1081 874 1162 acquiescendum
896 1086 985 1161 puto,
1007 1086 1061 1144 aut
1083 1103 1209 1144 omnem
1231 1102 1320 1164 spem
1340 1080 1443 1143 relin-

334 1166 501 1262 qu'endam,
525 1182 601 1262 quid
622 1183 656 1244 in
677 1183 737 1244 hac
760 1204 794 1244 re
816 1203 926 1245 uerum
948 1183 999 1258 sit,
1023 1181 1161 1244 eruendi.
1194 1179 1280 1246 Nam
1294 1181 1444 1262 quamuis

332 1283 410 1348 haec
441 1288 527 1346 aetas
557 1284 596 1346 ad
619 1305 724 1346 rerum
747 1288 907 1365 gestarum
931 1283 1118 1346 memoriam¹
1138 1285 1385 1364 recuperandam
1411 1289 1445 1347 et
1497 1324 1498 1362 ,

332 1385 485 1449 historiae
507 1386 682 1450 ueritatem.
699 1386 927 1448 aestimandam
950 1385 1049 1448 multo
1072 1385 1222 1448 liberiore
1239 1386 1443 1449 etexercita-
1497 1383 1498 1394 ’

332 1488 413 1550 tiore
436 1487 599 1550 oculorum
622 1487 688 1550 acie
712 1488 851 1564 accedat,
867 1491 956 1550 tante
971 1487 1034 1550 illis
1046 1487 1233 1550 indiciorum
1246 1487 1444 1550 abundantia

333 1593 365 1650 et
400 1587 617 1668 cognitionum
658 1589 749 1669 copia
780 1588 1012 1669 suppeditabat,
1054 1593 1089 1650 ut
1121 1587 1228 1650 iudicii
1262 1587 1443 1650 exilitatem

332 1695 560 1772 compensaret.
605 1688 653 1754 Ac
684 1712 724 1753 ne
751 1690 868 1753 iudicio
891 1690 1018 1770 quidem
1041 1711 1160 1766 eorum,
1184 1711 1317 1770 quorum
1340 1711 1442 1770 opera

331 1791 545 1872 antiquiorum
568 1813 674 1854 rerum
696 1813 898 1854 romanarum
921 1791 1035 1854 notitia
1058 1792 1097 1853 ad
1114 1813 1171 1854 nos
1186 1791 1341 1872 peruenit,
1354 1790 1443 1854 ultra

330 1893 457 1956 modurn
480 1892 721 1956 obtrectandum
745 1897 802 1955 est.
837 1891 921 1955 Nam
944 1892 1082 1974 plurima
1104 1892 1171 1954 sine
1195 1891 1290 1955 dubio
1305 1891 1344 1954 iis
1360 1891 1441 1954 uiris

240 2050 248 2071 ‚
330 1994 493 2071 debemus,
518 1994 571 2074 qui
594 1994 626 2056 in
649 1995 716 2056 iure
739 1994 978 2075 interpretando
1002 1998 1033 2056 et
1048 1994 1081 2055 in
1096 1993 1190 2056 rebus
1209 1993 1355 2074 gerendis
1366 1995 1442 2055 uer'-

330 2096 392 2158 sati
415 2096 488 2157 sint.
533 2093 606 2157 Nisi
628 2095 721 2169 forte,
735 2095 901 2172 credimus,
917 2095 1117 2175 publicarum
1132 2115 1237 2157 rerum
1254 2094 1443 2156 memoriam

331 2200 406 2258 ante
433 2194 528 2257 Fabii
551 2200 688 2258 aetatem
712 2196 751 2258 ab
774 2196 813 2259 iis
835 2196 1024 2277 praesertim
1047 2217 1115 2258 esse
1138 2201 1307 2271 seruatam,
1331 2195 1384 2274 qui
1408 2196 1443 2258 in

332 2296 397 2358 illis
427 2296 609 2359 ordinandis
631 2297 734 2359 nullas
756 2303 863 2377 partes
886 2297 1080 2359 habuissent.
1126 2295 1243 2359 Fabius
1266 2300 1382 2372 autem,
1407 2301 1443 2359 ut

329 2398 461 2460 adeum
484 2403 691 2473 reuertamur,
720 2398 883 2478 uulgatam
906 2398 1085 2478 aequalium
1105 2420 1232 2462 suorum
1249 2398 1442 2460 sententiam

327 2503 382 2561 aut
404 2499 486 2561 male
509 2498 705 2562 intellexisse
732 2504 785 2562 aut
809 2522 873 2563 non
894 2505 980 2562 recte
1003 2500 1225 2580 pronuntiasse
1240 2499 1441 2579 putandusne

328 2601 396 2663 est?
441 2597 504 2674 Qui
538 2601 606 2681 ipse
640 2622 781 2663 summae
815 2606 883 2664 erat
917 2601 1115 2664 auctoritatis
1148 2605 1180 2663 et
1207 2601 1294 2663 cuius
1318 2600 1442 2662 familia

327 2724 392 2764 una
415 2705 483 2763 erat
506 2723 544 2763 ex
566 2701 615 2778 iis,
639 2724 719 2782 quae
742 2702 775 2763 in
798 2702 927 2766 ciuitate
943 2723 1000 2783 per
1018 2702 1144 2764 saecula
1161 2701 1332 2782 plurimum
1342 2705 1440 2782 potu·

327 2803 437 2878 issent,
463 2802 560 2881 quare
584 2807 652 2865 erat
675 2803 930 2883 exspectandum,
943 2810 978 2866 ut
990 2804 1192 2884 antiquarum
1207 2824 1312 2864 rerum
1324 2804 1443 2865 notitia

329 2926 424 2983 quam
454 2903 591 2966 maxime
621 2909 705 2966 esset
726 2904 876 2967 imbutus.
920 2903 995 2967 Non
1025 2905 1142 2981 nescio,
1167 2926 1238 2966 eum
1261 2926 1280 2966 a
1302 2903 1440 2984 Polybio

325 3005 511 3084 uituperari,
545 3005 630 3084 quod
662 3026 763 3084 neque
791 3006 917 3086 integra
939 3006 1074 3068 ueritate
1097 3027 1199 3085 neque
1222 3005 1299 3067 satis
1322 3027 1442 3085 magna

326 3105 492 3186 diligentia
515 3107 552 3168 de
576 3106 811 3186 Karthaginum
834 3107 929 3170 rebus
952 3107 1129 3187 scripserit3
1153 3107 1209 3170 sed
1231 3107 1268 3169 de
1284 3107 1438 3187 patricia-

325 3228 396 3267 rum
425 3207 567 3285 gentium
590 3207 712 3286 origine
736 3228 807 3268 eum
831 3206 914 3270 aliud
938 3208 1092 3284 docuisse,
1116 3230 1210 3288 quam
1233 3208 1317 3287 quod
1340 3207 1439 3288 uulgo

325 3327 436 3368 uerum
459 3328 528 3368 esse
551 3306 733 3386 putabatur,
757 3328 796 3368 ne
819 3308 972 3389 suspicari
997 3308 1125 3388 quidem
1147 3309 1232 3371 licet.

425 3405 512 3479 Quae
545 3406 582 3469 de
614 3405 707 3468 Fabii
737 3408 927 3470 auctoritate
959 3409 1128 3490 disputaui,
1152 3431 1189 3472 ea
1212 3409 1384 3472 concordia
1407 3416 1439 3472 et

324 3507 503 3570 constantia
532 3507 623 3570 ualde
652 3507 887 3586 confirmantur,
911 3532 974 3589 qua
996 3509 1118 3590 antiqui
1141 3511 1312 3590 scriptores
1334 3511 1438 3591 patri·

324 3608 405 3671 ciam
438 3607 638 3671 nobilitatem
673 3631 691 3671 a
721 3609 815 3690 regi-o,
834 3615 945 3674 senatu
967 3615 1070 3674 ortam
1094 3612 1216 3674 docent.
1262 3610 1310 3674 De
1333 3612 1438 3693 prima

322 3714 448 3790 patrum
471 3709 670 3772 institutione
694 3732 773 3790 quae
796 3711 932 3773 maxime
949 3733 1027 3793 opus
1044 3717 1112 3775 erat
1124 3733 1327 3793 cognoscere,
1340 3735 1438 3794 supra

323 3811 424 3884 attuli.
469 3808 616 3873 Uidimus
649 3809 849 3892 Dionysium,
885 3812 968 3892 quod
999 3836 1017 3874 a
1048 3814 1162 3876 ceteris
1194 3813 1350 3890 dissentit,
1380 3837 1437 3877 sua

322 3916 435 3992 sponte
466 3911 617 3974 traditam
648 3911 788 3986 fabulam
820 3913 1002 3975 mutauisse.
1048 3912 1113 3977 Ubi
1135 3920 1300 3996 praeterea
1322 3915 1355 3976 in
1380 3937 1436 3978 ue-

321 4017 424 4075 terum
447 4011 538 4075 libris
560 4012 616 4074 illa
637 4033 688 4074 res
712 4019 989 4090 commemoratur,
1012 4015 1100 4078 uelut
1115 4013 1243 4091 Sallust.
1260 4014 1328 4078 Cat.
1346 4014 1395 4078 VI
1407 4018 1436 4092 6,

321 4111 396 4175 Iust.
420 4110 526 4174 XLIII
549 4114 578 4189 3,
602 4112 688 4175 Fest.
711 4135 741 4192 p.
766 4114 830 4190 339
841 4113 860 4190 ¹,
884 4136 1009 4195 semper
1032 4117 1142 4179 eodem
1164 4117 1258 4179 modo
1275 4122 1436 4193 narratur,

428 4248 434 4276 ¹
454 4252 498 4296 Otr
517 4252 695 4310 Christensen,
715 4251 825 4297 Hermes
844 4251 878 4296 IX
897 4265 922 4310 p.
943 4256 989 4301 198
1008 4268 1046 4312 sq.
