3004 5066
552 429 711 482 ..31-

82 592 238 675 patricios.
282 588 344 654 Sed
366 590 473 653 stetim
497 595 639 672 apparet,
662 591 742 656 haec
765 591 911 675 Dionysii
934 595 1046 659 uerba:
1069 592 1112 664 ὡς
1127 604 1182 657 τῶν

81 717 112 774 ηε
145 692 245 756 ἄλλων
279 689 430 772 δραπετῶν
461 689 551 754 όντων
578 695 630 754 καὶ
653 689 708 754 οόκ
731 691 858 777 ἐχόντων
881 692 1028 778 ὀνομάσαι
1050 700 1182 778 πατέρας

82 793 317 874 ἐλευθέρους-
341 793 420 858 haec
453 794 552 858 uerba
585 795 708 858 nullum
740 801 864 860 rectum
895 820 1023 862 sensum
1054 799 1181 877 habere,

81 897 139 960 nisi
159 895 215 959 illa
235 895 446 977 fugitiuorum
467 895 572 973 turba,
596 918 731 977 quorum
755 900 904 980 anonymi
919 904 1010 962 erant
1024 905 1182 981 parentes

80 998 139 1061 illis
162 1021 180 1060 a
201 996 345 1062 Romulis
369 996 477 1061 electis
494 997 570 1077 (non
585 997 694 1062 liberis
711 999 834 1080 eorum)
850 1002 1031 1083 opponitur.
1066 1001 1180 1078 Quare,

82 1123 150 1164 cum
172 1097 282 1162 scribit
304 1097 477 1179 Dionysius
501 1095 528 1158 οἱ
551 1097 582 1158 δέ
609 1136 640 1144 -
668 1095 702 1160 ob
727 1099 775 1160 διὰ
797 1108 891 1162 ταυτα
914 1105 1085 1181 πατρικίους
1104 1099 1183 1163 ἐκεί-

8 1223 9 1226 ’
82 1222 147 1270 νους
176 1200 331 1283 κληθῆναί
361 1220 460 1284 φασιν,
492 1197 561 1260 ἀλλ’
588 1196 631 1261 ότι
657 1205 790 1282 πατέρας
812 1199 891 1285 εἶχον
914 1200 1067 1274 ἀποδεῖξαι
1089 1207 1182 1287 μόνοι,

80 1324 204 1366 necesse
230 1306 280 1365 est
301 1303 471 1381 πατρικίους
493 1323 551 1382 pro
573 1302 685 1365 iisdem
708 1302 829 1381 haberi,
854 1327 933 1384 quos
957 1310 1029 1368 ante
1051 1309 1184 1387 πατέρας

81 1403 260 1486 appellauit.
304 1402 412 1483 Atque
445 1402 528 1466 forte
562 1404 687 1480 accidit,
718 1409 754 1467 ut
784 1403 959 1486 Dionysius
987 1412 1113 1488 praeter
1136 1429 1182 1485 ea,

8 1507 9 1510 ’
81 1529 158 1585 quae
191 1527 288 1586 supra
321 1504 484 1585 exscripsi,
519 1504 615 1568 etiam
648 1505 783 1568 alterum
817 1505 986 1570 Cincianue
1021 1509 1183 1572 doetrinae

81 1606 248 1687 uestigium
281 1606 458 1669 seruauerit
491 1605 530 1685 (si
563 1607 669 1670 omnia
700 1609 737 1670 ad
766 1631 864 1670 unum
887 1614 1050 1673 auctorem
1074 1610 1183 1674 confe-

80 1711 174 1773 renda
204 1713 289 1785 sunt,
321 1708 435 1789 quibus
463 1709 749 1786 demonstrabatur,
772 1711 924 1792 patricios
947 1712 1019 1775 inde
1043 1712 1183 1794 appella·
1208 1700 1210 1704 ¹

79 1812 196 1874 tionem
218 1811 309 1873 suam
332 1809 468 1885 duxisse,
492 1812 577 1889 quod
599 1810 659 1872 soli
681 1811 811 1892 ingenui
828 1812 955 1891 essent).
993 1812 1078 1876 Nam
1093 1818 1182 1894 post-

81 1934 171 1992 quam
205 1911 357 1987 narrauit,
392 1933 460 1973 esse
495 1911 722 1991 antiquitatum
750 1913 925 1989 studiosos,
960 1915 1014 1994 qui
1046 1913 1086 1978 ob
1115 1935 1184 1976 eam

81 2035 203 2076 causam
226 2012 378 2095 patricios
400 2013 445 2074 ita
469 2011 646 2093 appellatos
663 2013 823 2090 docerent,
840 2015 924 2094 quod
943 2014 1002 2078 soli
1014 2016 1184 2095 ingenuam

80 2115 232 2196 originem
256 2117 416 2178 ostentare
438 2118 578 2193 possent,
602 2118 708 2176 cetera
730 2113 901 2177 multitudo
924 2115 1134 2196 fugitiuorum
1154 2120 1185 2178 et

80 2216 257 2296 spuriorum
273 2214 426 2278 colluuies
442 2219 535 2291 esset,
552 2214 667 2294 quibus
685 2216 880 2295 argumentis
894 2218 1084 2280 sententiam
1095 2239 1184 2280 suam

79 2317 256 2393 defendant,
278 2316 324 2379 ita
346 2317 556 2379 demonstrat:
579 2321 739 2398 τεκμήριον
763 2316 796 2377 δέ
818 2318 922 2378 τοότου
938 2323 1128 2402 παρέχουσιν,
1143 2314 1186 2379 ὅτι

79 2419 144 2487 τοὺς
175 2421 229 2500 μέν
260 2420 441 2498 πατρικίους,
476 2415 563 2480 ὁπότε
593 2417 684 2488 δόξειε
707 2427 768 2488 τοῖς
790 2420 945 2499 βασιλεῦσι
968 2422 1135 2500 συγκαλεῖν,
1158 2417 1185 2481 οἱ

79 2525 206 2603 κηρυκες
223 2507 378 2601 όνόματός
399 2541 429 2580 τε
452 2521 504 2580 καὶ
525 2522 676 2601 πατρόθεν
700 2517 891 2602 ἀνηγόρευον,
915 2523 984 2592 τοὺς
1008 2520 1040 2582 δὲ
1060 2520 1185 2604 δημοτι-

79 2623 149 2690 κοὺς
179 2618 324 2702 ὑπηρέται
354 2623 429 2688 τινές
461 2618 594 2701 ἀθρόους
626 2625 731 2701 κέρασι
760 2622 869 2701 βοείοις
891 2619 1114 2704 ἐμβυκανῶντες
1137 2619 1185 2682 ἐπὶ

79 2723 130 2790 τὰς
152 2719 320 2803 ἐκκλησίας
343 2731 478 2805 συνηγον.
523 2721 697 2802 Dionysius
720 2727 827 2785 utrum
851 2745 914 2786 non
937 2723 1129 2786 intellexerit
1145 2745 1185 2785 an

9 2819 11 2826 i
78 2823 155 2886 nihil
177 2825 348 2900 curauerit,
371 2823 429 2887 hos
444 2824 596 2904 patricios
611 2847 669 2905 pro
682 2825 767 2905 regis
783 2825 971 2888 consiliariis
985 2825 1184 2906 accipiendos

79 2945 154 3002 esse,
180 2926 214 2986 in
238 2925 341 2987 medio
364 2924 590 3004 relinquamus
636 2923 698 2987 Sed
720 2947 783 2987 non
805 2929 913 3006 potest
935 2925 1084 3003 dubitari,
1108 2926 1184 3005 quin

79 3025 214 3102 Cineinn,
246 3047 301 3088 seu
331 3047 394 3105 quo
426 3025 489 3088 alio
521 3030 651 3088 auctore
682 3024 857 3106 Dionysius
889 3025 945 3088 illa
971 3027 1123 3100 narrauit,
1147 3027 1184 3088 de

77 3129 163 3210 regio
186 3127 321 3191 consilio
344 3128 443 3190 uerba
465 3128 587 3210 fecerit,
610 3150 674 3191 non
690 3150 799 3191 omnes
815 3128 966 3208 patricios
983 3129 1068 3191 uiros
1084 3127 1184 3208 signi-

9 3275 10 3280 ι
77 3230 169 3293 ficare
193 3229 343 3292 uoluerit.
376 3227 460 3291 Nem
484 3231 568 3309 quod
591 3230 692 3306 docet,
709 3229 861 3310 patricios
877 3230 1064 3293 nominatim
1077 3229 1185 3292 uocari

77 3331 195 3408 solitos,
222 3331 346 3410 quando
370 3331 438 3411 regi
461 3351 515 3393 eos
539 3331 708 3394 conuocari
730 3331 881 3412 placeret,
898 3330 1023 3411 plebem
1040 3352 1116 3394 uero
1129 3352 1186 3410 per

77 3432 299 3496 buccinatores
333 3436 480 3496 uocatam
514 3433 553 3494 ad
588 3432 718 3495 comitia
753 3432 949 3508 conuenisse,
984 3455 1047 3495 non
1079 3435 1186 3513 potest

78 3539 249 3613 utrumque
280 3533 320 3595 ad
351 3532 480 3595 comitia
507 3536 660 3614 spectare.
706 3531 779 3596 Sine
804 3533 900 3596 dubio
923 3534 960 3610 io,
985 3533 1068 3614 apud
1091 3553 1185 3612 quem

77 3635 130 3698 illa
162 3635 288 3697 inuenit
320 3633 503 3715 Dionysius
533 3634 685 3714 patricios
717 3633 905 3696 nominatim
937 3639 1068 3698 uocatos
1095 3633 1184 3705 dixit,

78 3758 149 3799 oum
181 3737 252 3816 regi
285 3740 413 3798 senatus
446 3735 494 3798 sui
526 3735 658 3798 consilio
690 3757 769 3816 opus
803 3739 895 3798 esset.
941 3733 1025 3797 Nam
1051 3734 1185 3815 patriciu

78 3839 207 3902 comitia
229 3837 316 3900 nulla
338 3836 466 3917 cognita
489 3840 589 3913 erant,
613 3841 645 3898 et
660 3835 802 3916 singulos
817 3835 944 3916 patricii
960 3836 1085 3916 generis
1098 3835 1184 3898 uiros

78 3961 229 4020 umquam
250 3937 438 4000 nominatim
460 3937 499 3999 ad
522 3937 651 4000 comitia
674 3937 782 4000 uocari
805 3935 927 4013 solitos
943 3941 1009 3998 tam
1024 3935 1184 3998 nonueri·

78 4039 180 4103 simile
203 4039 340 4116 uidetur,
356 4043 392 4102 ut
407 4039 558 4116 dubitem,
575 4061 615 4102 au
630 4038 736 4102 nullus
751 4060 901 4101 romanus
917 4037 1053 4118 scriptor
1067 4038 1099 4099 in
1115 4038 1183 4100 ani-

79 4164 164 4220 mum
195 4141 355 4219 induxerit
382 4140 446 4204 tale
473 4140 593 4221 aliquid
615 4141 787 4204 memoriae
810 4139 969 4204 mandare.
1015 4137 1184 4202 Senatores

78 4265 154 4306 uero
184 4243 343 4306 interdum
371 4241 513 4323 singulos
537 4243 576 4305 ad
599 4243 717 4306 curiam
741 4242 950 4314 arcessendos¹
967 4240 1075 4318 fuisse,
1100 4240 1184 4302 ueri-
