3004 5066
791 367 928 419 „2-

305 533 392 592 ortae
426 533 541 606 essent,
578 529 670 592 aliter
702 528 860 610 explicare
892 533 1091 594 conarentur.
1136 529 1185 594 lta
1211 532 1313 595 uirum
1337 534 1415 597 doc-

304 629 470 706 tissimum,
493 628 516 692 I.
541 629 752 706 Rubinonem,
777 631 831 710 qui
854 634 885 693 et
907 631 975 710 ipse
997 631 1131 696 multum
1154 633 1287 697 contulit
1310 635 1348 697 ad
1363 635 1415 698 ius

306 738 337 794 et
368 732 575 812 antiquitates,
602 731 712 814 populi
735 732 857 794 romani
880 732 992 796 melius
1017 735 1245 814 cognoscenda,
1269 737 1417 815 quamuis

305 831 437 922 multum
459 833 602 913 patriciis
625 833 754 909 tribuat,
771 837 887 909 tamen,
904 855 975 896 cum
988 855 1042 897 eos
1054 835 1163 916 populi
1175 837 1298 899 romani
1309 837 1416 917 ipsum

225 947 228 964 ⁸
304 933 493 1014 principium
526 934 622 997 fuisse
655 935 826 1011 contendit,
858 956 920 997 non
943 936 1080 1016 propriis
1103 936 1209 999 uerbis
1232 959 1321 1000 usum
1345 959 1416 1000 esse

305 1038 450 1116 apparet:
488 1033 557 1097 “Sie
588 1034 658 1097 sind
690 1034 735 1097 als
765 1034 814 1097 die
842 1033 973 1097 Bildner
996 1036 1049 1098 des
1071 1035 1266 1099 Rbmischen
1288 1035 1416 1100 Staates

304 1137 368 1199 und
389 1135 510 1198 Volkes
534 1135 721 1211 anzusehen,
742 1137 778 1218 ja
800 1158 904 1216 sogar,
928 1159 1017 1199 wenn
1042 1138 1097 1200 der
1119 1137 1224 1200 kiihne
1247 1137 1418 1202 Ausdrucl(

305 1241 458 1318 gestattet
479 1237 520 1299 ist
542 1237 605 1299 und
627 1236 747 1325 richtig
767 1237 957 1300 verstanden
981 1237 1068 1314 wird,
1092 1237 1138 1300 als
1162 1239 1216 1300 das
1239 1247 1416 1319 urspriing-

304 1339 387 1402 liche
420 1337 591 1401 Rbmische
625 1337 711 1400 Volk
744 1337 852 1414 selbst,
883 1337 971 1400 nicht
1002 1339 1075 1401 weil
1102 1340 1147 1402 sie
1171 1339 1217 1402 als
1240 1338 1418 1422 Altbiirger

306 1440 400 1502 alleiu
433 1439 466 1500 in
500 1439 559 1501 den
596 1437 752 1513 Comitien
786 1439 957 1515 stimmten,
989 1439 1114 1502 worout
1141 1440 1173 1501 in
1196 1441 1257 1502 den
1279 1441 1417 1504 'altesten

306 1541 416 1604 Zeiten
449 1541 554 1620 wenig
586 1541 711 1616 ankam,
743 1541 879 1603 sondern
910 1540 982 1603 weil
1010 1541 1054 1603 sie
1078 1541 1128 1604 die
1150 1539 1337 1623 Intelligenz
1360 1543 1418 1606 der

306 1641 425 1706 Notion
457 1647 617 1704 vertraten
647 1643 711 1705 und
741 1642 881 1705 dadurch
903 1643 974 1705 dem
997 1641 1104 1705 Geiste
1128 1643 1189 1706 und
1213 1645 1283 1706 dem
1306 1643 1418 1706 Leben

306 1743 469 1806 desselben
503 1743 556 1806 die
586 1747 692 1824 spater
725 1766 784 1806 nur
818 1743 928 1806 weiter
961 1743 1117 1824 verfolgte
1149 1742 1312 1826 Richtung
1339 1745 1417 1807 mit-

305 1845 455 1908 theilten“
472 1843 491 1906 ¹.
535 1843 639 1908 Docet
671 1843 798 1907 Rubino
833 1845 914 1925 apud
946 1843 1057 1907 ltaliae
1088 1845 1222 1926 populos
1245 1847 1308 1908 iam
1332 1845 1417 1908 anti-

307 1947 465 2028 quissimis
496 1945 692 2028 temporibus
725 1947 874 2026 quasdam
899 1950 1010 2026 gentes
1034 1946 1100 2008 siue
1123 1945 1259 2008 familias
1282 1947 1418 2010 diuersis

307 2071 323 2110 e
356 2048 456 2110 causis
490 2047 590 2110 maius
622 2069 737 2110 nomen
765 2051 796 2110 et
818 2047 971 2110 maiorem
994 2047 1170 2128 potentiam
1194 2048 1323 2128 adeptas
1347 2070 1416 2110 esse

307 2171 400 2228 quam
434 2152 565 2210 ceteras.
619 2147 678 2220 dui
711 2147 798 2210 illam
830 2149 1079 2210 uetustissimam
1110 2147 1310 2212 nobilitatem
1338 2171 1417 2211 con-

306 2251 448 2326 fecerint,
471 2251 640 2331 principes
662 2254 765 2311 uocat.
810 2248 932 2311 Deinde
957 2271 1028 2311 cum
1050 2247 1170 2312 Romae
1193 2250 1300 2329 regius
1322 2271 1417 2312 sena-

306 2357 356 2413 tus
386 2351 616 2426 institueretur,
641 2372 656 2412 e
679 2350 857 2431 principum
880 2372 1011 2413 nurnero
1034 2355 1196 2414 senatores
1220 2351 1286 2414 siue
1308 2353 1419 2432 patres

306 2453 405 2516 lectos
436 2451 522 2514 facit.
567 2449 616 2513 lta
646 2461 760 2514 nouam
793 2451 1003 2528 nobilitatem,
1026 2451 1193 2532 patriciam
1216 2452 1419 2515 nobilitatem

307 2547 408 2616 ortam
440 2575 508 2630 esse
540 2575 578 2615 ex
606 2553 654 2628 iis,
685 2553 738 2632 qui
761 2545 822 2634 ipsi
844 2553 927 2615 inter
949 2558 1055 2633 patres
1079 2558 1184 2616 essent
1207 2558 1260 2616 aut
1283 2575 1418 2634 quorum

307 2655 441 2718 maiores
463 2655 496 2716 in
519 2655 557 2716 iis
580 2653 745 2717 fuissent?
790 2653 943 2720 Uidemus
966 2655 1064 2735 igitur
1087 2653 1264 2719 ltubinonis
1287 2659 1418 2717 senten-

306 2757 351 2820 tia
373 2755 459 2818 nullo
482 2760 625 2836 tempore
641 2777 695 2818 eos
711 2755 796 2819 solos
813 2755 951 2818 ciuitatis
963 2778 1112 2819 romanae
1125 2756 1295 2836 participes
1307 2755 1419 2830 fuisse,

308 2879 440 2937 quorum
462 2861 575 2937 postea
597 2857 765 2937 progenies
789 2856 942 2937 dignitate
965 2857 1100 2937 patricia
1123 2880 1141 2918 a
1164 2858 1277 2920 ceteris
1294 2855 1419 2918 ciuibus

308 2941 583 3038 distinguebatur,
823 3027 824 3030 Ἴ

409 3058 558 3132 Quamuis
592 3081 707 3138 magna
737 3060 820 3121 inter
852 3059 937 3121 uiros
970 3059 1078 3120 doctos
1106 3058 1202 3120 fuerit
1223 3057 1291 3120 laus
1315 3056 1418 3120 Rubi—

308 3159 409 3235 noniS,
432 3163 539 3221 tamen
561 3159 647 3222 illam
672 3161 738 3222 eius
762 3159 942 3240 opinionem
965 3180 1028 3222 non
1050 3160 1096 3222 ita
1111 3159 1244 3221 multum
1260 3158 1419 3238 placuisse

310 3264 442 3322 constat.
487 3260 530 3322 Et
552 3261 721 3342 praecipue
744 3261 805 3322 uiri
827 3259 1042 3336 illustrissimi,
1060 3258 1118 3322 Th.
1135 3259 1323 3323 Mommseni
1340 3260 1418 3320 doc·

401 3418 457 3477 '¹1.
481 3432 594 3477 Rubino:
625 3433 860 3488 Untersuchungen
883 3433 947 3477 iiber
967 3433 1097 3478 romische
1116 3433 1276 3487 Verfassung
1294 3431 1347 3476 und
1367 3429 1419 3474 Ge-

310 3518 434 3562 schicbte.
472 3516 562 3561 Caesel
582 3518 645 3563 1839
665 3531 689 3574 p.
711 3518 767 3562 228.

410 3601 481 3646 Inter
499 3614 544 3646 eos
563 3602 642 3658 uiros,
661 3601 818 3658 philologiae
837 3607 863 3646 et
881 3601 1048 3646 historiarum
1063 3600 1203 3657 studiosos,
1218 3600 1262 3656 qui
1275 3611 1332 3643 eam
1345 3599 1417 3643 uiam

311 3699 416 3744 prorsus
442 3685 612 3730 deserendam
637 3690 780 3744 censerent,
804 3699 881 3742 quam
905 3685 1021 3730 Niebuhr
1046 3685 1180 3740 ingressus
1206 3687 1262 3728 erat
1281 3683 1313 3727 ad
1334 3683 1417 3727 histo-

311 3771 375 3814 riam
403 3770 493 3828 populi
522 3770 622 3814 romani
646 3770 850 3826 instaurandam,
874 3769 950 3814 etad
970 3769 1134 3824 antiquorum
1153 3781 1240 3814 rerum
1259 3767 1417 3826 scriptorum

311 3855 388 3899 fidem
417 3853 587 3912 redeundum,
616 3867 665 3899 non
691 3855 750 3912 plus
775 3867 843 3899 unus
869 3853 964 3898 clarius
984 3865 1077 3896 nomen
1096 3852 1215 3911 obtinuit,
1234 3852 1262 3898 O.
1280 3851 1416 3895 Broecker.

311 3937 399 3994 Doleo,
427 3938 495 3994 quod
519 3938 577 3982 libri
600 3938 745 3982 doctissimi
768 3938 817 3982 uiri
835 3940 992 3996 potestatem
1011 3937 1079 3982 mihi
1093 3949 1185 3995 parare
1205 3949 1254 3980 non
1273 3935 1354 3994 potui,
1373 3935 1418 3992 qui

311 4022 471 4068 inscribitur:
499 4022 733 4078 Untersuchungen
761 4022 825 4066 iiber
848 4023 888 4066 die
909 4020 1147 4078 Glaubwiirdigkeit
1166 4022 1211 4066 der
1231 4020 1414 4066 altrbmischen

313 4106 645 4162 Veriassungsgesohiohte.
682 4105 908 4162 Hambnrg1858.

415 4183 542 4236 ²Rubino
561 4191 577 4236 l.
596 4191 612 4235 1.
632 4205 676 4249 pp.
696 4192 742 4236 183
763 4204 818 4248 sqq.
