3004 5066
797 385 956 436 ..4g.-

323 546 404 608 nihil
427 545 566 622 deflexit,
589 546 657 610 sine
681 545 777 610 dubio
800 545 972 628 plurimum
996 546 1224 610 contribuisset
1247 546 1289 609 ad
1312 545 1442 628 prinoi-

324 648 428 729 palem
450 647 613 711 notionem
636 648 896 710 conseruandam.

426 748 530 823 Quare
564 749 592 812 si
624 747 801 812 Bernhoeft
834 753 920 812 recte
948 749 1051 826 docet,
1086 749 1240 831 populum
1264 769 1442 812 romanum

324 871 363 913 ex
397 849 519 914 duabus
552 849 701 932 gentibus
734 871 802 914 esse
826 849 1008 927 conflatum,
1032 873 1166 930 quarum
1189 872 1255 913 una
1277 850 1391 930 patris
1415 856 1443 911 el

325 951 432 1014 mariti
466 950 714 1014 dominationem
749 955 780 1014 et
811 954 1001 1032 agnatorum
1023 972 1201 1014 connexum
1225 951 1367 1027 coleret,
1397 949 1442 1012 al-

325 1058 394 1116 tera
416 1053 551 1116 materni
574 1053 682 1134 stirpis
704 1052 958 1134 propinquitates
980 1056 1134 1129 tueretur,
1156 1057 1266 1115 tamen
1289 1074 1363 1115 non
1387 1073 1442 1113 ue-

325 1154 456 1218 risimile
478 1159 567 1236 puto,
581 1175 620 1217 ex
642 1153 702 1217 hac
725 1153 844 1235 duplici
866 1153 1006 1217 ciuitatis
1029 1153 1153 1234 origine
1175 1153 1400 1234 patriciorum
1414 1157 1443 1214 et

325 1256 428 1336 plebis
451 1256 671 1318 contentiones
694 1259 785 1318 natas
813 1276 891 1318 esse.
936 1251 1052 1334 Neque
1076 1254 1176 1318 multa
1198 1254 1309 1317 attulit
1336 1253 1442 1316 Bern-

327 1355 426 1434 hoeft,
450 1357 567 1437 quibus
589 1356 782 1420 sententiam
807 1378 898 1420 suam
922 1356 1139 1430 confirmaret3
1162 1355 1259 1419 liceat
1282 1356 1373 1418 mihi
1396 1357 1442 1437 ip

329 1458 393 1520 sius
416 1458 515 1520 uerba
540 1457 720 1521 exscribere
735 1457 760 1520 ¹:
791 1454 858 1520 “Ob
881 1456 932 1519 fiir
955 1457 1005 1520 die
1029 1455 1177 1539 Plebejer
1198 1457 1232 1519 in
1254 1457 1313 1520 der
1331 1461 1443 1520 ersten

326 1558 507 1633 romischen
530 1559 718 1640 Konigszeit
744 1558 820 1622 oder
843 1557 1006 1621 vielleicht
1027 1557 1111 1622 noch
1133 1563 1241 1640 sptiter
1263 1581 1329 1620 nur
1356 1557 1440 1620 Ver-

328 1659 540 1724 wandtschaft
562 1661 605 1723 im
629 1659 898 1722 Weiberstamme
921 1657 1072 1739 gegolten
1093 1657 1159 1736 hat,
1183 1659 1225 1722 ist
1247 1659 1344 1722 nicht
1363 1681 1442 1741 gam

328 1761 439 1824 sicher.
486 1760 522 1824 ln
555 1761 611 1824 der
643 1761 701 1824 auf
723 1783 782 1824 uns
805 1761 1036 1842 gekommenen
1058 1759 1222 1823 Literatur
1245 1761 1364 1824 deutet
1390 1761 1441 1823 der

328 1862 521 1926 Ausschluss
555 1865 610 1926 der
642 1861 789 1946 Plebejer
822 1883 884 1924 von
918 1860 978 1924 den
1012 1867 1133 1942 gentes
1167 1862 1223 1932 der
1250 1859 1364 1925 Name
1390 1863 1442 1924 der

330 1965 494 2043 Patricier‚
517 1967 617 2030 durch
639 1965 758 2029 welche
781 1966 826 2028 sie
850 1966 895 2029 als
919 1963 1118 2029 Vatersdhne
1141 1964 1343 2028 bezeichnen
1360 1987 1440 2026 wer-

331 2068 400 2143 den,
424 2069 487 2130 und
510 2069 560 2131 die
584 2066 774 2144 Thatsache‚
798 2068 870 2130 dass
892 2089 966 2130 man
989 2067 1040 2130 bei
1064 2067 1124 2130 den
1146 2065 1263 2130 Festen
1287 2067 1348 2128 der
1373 2066 1465 2163 ple-⁸

330 2167 494 2248 bejischen
517 2167 613 2232 Ceres
636 2169 742 2231 weder
764 2169 873 2231 seinen
896 2167 997 2232 Vater
1019 2167 1102 2231 noch
1124 2168 1234 2231 seinen
1249 2165 1340 2231 Sohn
1361 2190 1439 2230 nen-

331 2290 392 2331 nen
415 2269 530 2346 dtirfte,
547 2269 662 2332 darauf
681 2268 764 2332 hin.“
814 2268 905 2343 Quod
926 2269 1013 2351 plebi
1036 2269 1250 2349 gentilitatem
1265 2268 1371 2341 fnisse
1385 2291 1437 2331 ne-

332 2376 396 2450 gat,
419 2370 480 2434 hoc
504 2393 577 2434 eum
599 2393 662 2434 non
682 2375 769 2434 recte
784 2371 908 2448 fecisse,
925 2372 1003 2434 mihi
1018 2393 1205 2452 persuasum
1221 2375 1283 2447 est;
1310 2371 1352 2433 ad
1371 2393 1437 2434 eam

332 2493 398 2534 rem
432 2471 516 2534 infra
542 2477 694 2536 revertar.
739 2471 787 2536 De
810 2473 1017 2554 patriciorum
1039 2473 1166 2536 nomine
1190 2473 1284 2536 modo
1308 2472 1437 2536 locutus

332 2595 411 2635 snm.
457 2571 548 2647 Quod
570 2573 665 2637 tertio
688 2573 758 2637 loco
781 2573 958 2637 Bernhoeft
981 2574 1074 2636 affert
1097 2577 1332 2654 argumentum,
1358 2573 1437 2636 nihil

333 2673 419 2736 ualet
441 2675 480 2736 ad
496 2675 687 2738 sententiam
706 2675 773 2738 eius
786 2676 1043 2739 confirmandam.
1079 2672 1203 2737 Cereris
1215 2695 1306 2738 sacra
1321 2697 1436 2756 graeco

333 2775 396 2838 ritu
422 2774 543 2839 Romae
574 2776 828 2850 celebrabantur,
853 2797 951 2856 qnare
973 2797 1037 2839 non
1060 2776 1099 2838 ad
1122 2777 1362 2856 antiquissimas
1390 2799 1436 2840 res

333 2899 479 2940 romanas
502 2878 705 2942 illustrandas
730 2878 908 2942 adhihenda
930 2883 1012 2940 sunt.
1048 2876 1219 2941 Praeterea
1242 2877 1295 2941 uel
1317 2879 1350 2941 id
1375 2885 1435 2942 sta·

333 2979 430 3041 tuisse
464 2980 541 3042 satis
565 2981 635 3058 erit,
659 3003 677 3043 a
699 2980 908 3044 Bernhoeftio
931 2979 1022 3042 illum
1044 3001 1175 3055 morem,
1202 3001 1296 3059 quem
1319 2980 1352 3042 in
1380 2979 1435 3043 Ce-

334 3081 412 3142 reris
444 3081 542 3144 sacris
577 3082 781 3146 obseruatum
817 3082 918 3157 docet,
957 3102 1021 3143 non
1059 3085 1146 3142 recte
1183 3080 1320 3143 relatum
1358 3103 1434 3144 esse.

334 3179 451 3244 Nescio
482 3183 564 3244 unde
600 3187 739 3264 “patrem
774 3187 805 3244 et
837 3182 955 3244 filinm‘
990 3180 1115 3243 habeat.
1161 3179 1316 3258 Seruium,
1341 3205 1432 3262 quem

336 3286 497 3344 auctorem
521 3283 623 3359 affert,
647 3284 692 3345 ita
715 3281 879 3364 scripsit²z
904 3283 946 3345 Er
970 3282 1088 3345 Romae
1112 3303 1182 3345 cum
1208 3282 1316 3346 Cereri
1340 3305 1430 3346 sacro

332 3381 424 3463 floret,
448 3383 644 3464 obseruator,
668 3405 706 3446 ne
730 3387 801 3467 qais
819 3392 948 3467 petrem
975 3391 1031 3445 0111
1052 3383 1154 3463 filiom-
1178 3385 1328 3463 nominet,
1353 3385 1432 3468 quod

333 3483 461 3563 fractus
483 3487 683 3549 metriroonii
708 3507 767 3568 per
794 3485 908 3548 liberos
932 3491 1057 3547 constet.
1102 3482 1177 3547 Non
1199 3484 1275 3548 licet
1297 3486 1430 3560 credere,

335 3584 396 3648 hoc
418 3585 488 3649 loco
510 3585 613 3667 filiolo
636 3609 743 3650 errore
765 3586 969 3650 librariorum
991 3607 1049 3666 pro
1070 3585 1175 3666 filium
1188 3585 1342 3666 scriptum
1357 3607 1429 3648 esse.

336 3684 420 3748 Nam
454 3693 526 3751 ante
559 3687 614 3750 illa
647 3689 745 3752 uerba
767 3688 846 3752 haec
869 3688 1031 3768 leguntur:
1056 3686 1116 3748 0111
1139 3686 1330 3760 (1100111101
1353 3687 1430 3766 deoc,

338 3811 414 3872 quos
448 3793 713 3869 eomroemorooit,
737 3792 861 3872 nuptiis
885 3809 950 3852 esse
974 3789 1168 3851 contrarios:
1194 3788 1335 3851 Cererem
1359 3791 1429 3872 quio

333 3898 468 3973 propter·
490 3898 618 3972 raptura
639 3891 728 3971 filice
750 3893 883 3973 rcaptins
906 3895 1098 3953 ersecrotor.

442 4092 450 4120 ¹
469 4097 486 4142 1.
505 4097 521 4142 1.
541 4112 565 4156 p.
586 4099 641 4144 204.

442 4193 451 4223 ²
471 4200 501 4244 ad
521 4201 583 4248 Aen.
603 4200 644 4259 lv,
664 4201 704 4246 58.
