3004 5066
811 403 970 456 -64-

335 565 442 628 licium
476 585 652 628 connexum
684 563 936 628 recordarentur.
982 563 1144 628 Plebeianr
1172 562 1377 640 nobilitatem,
1403 572 1429 628 ut

335 665 492 747 posterius
524 669 594 728 orta
626 669 683 742 est,
716 665 760 728 ita
792 665 916 728 facilius
944 665 976 727 in
1006 663 1200 728 obliuionem
1231 664 1334 728 abisse
1355 671 1428 747 puto.

336 766 491 830 Patricios
515 788 591 830 uero
614 770 704 830 tanto
728 766 829 848 magis
853 772 963 848 gentes
980 765 1142 846 amplexos
1159 787 1227 828 esse
1243 789 1368 830 necesse
1382 775 1429 846 est,

335 870 419 950 quod
454 891 524 932 cum
558 869 693 952 patricio
725 890 841 949 genere
875 889 1000 950 semper
1033 871 1122 931 certa
1154 867 1322 949 priuilegia
1354 877 1430 933 erant

335 971 511 1035 coniuncta.

433 1071 505 1135 Nisi
529 1071 632 1148 fallor,
664 1070 841 1134 Mommsen
875 1069 990 1133 Turiae
1013 1069 1228 1133 nobilissimae
1250 1067 1429 1134 laudationil

334 1196 396 1237 nou
418 1174 581 1238 minimam
604 1174 668 1237 uim
691 1174 794 1236 inesse
817 1177 908 1255 putat
931 1173 970 1235 ad
994 1172 1282 1248 demonstrandum,
1304 1172 1430 1253 plebeios

333 1276 518 1356 plerumque
545 1297 562 1338 e
590 1274 769 1356 gentilitate
792 1274 889 1338 fuisse
913 1271 1067 1336 exclusos.
1113 1272 1207 1336 Cuius
1230 1273 1430 1356 inscriptionis

334 1399 414 1457 quae
436 1376 497 1441 huc
521 1377 681 1458 pertinent
704 1376 811 1452 uerba,
835 1376 913 1439 haec
937 1381 1010 1438 sunt
1033 1398 1083 1438 uu.
1101 1373 1168 1438 121
1191 1397 1276 1456 sqq:
1296 1380 1369 1440 “nec
1383 1378 1430 1440 sub

334 1478 549 1542 condicionem
584 1479 703 1542 tutelae
734 1478 896 1560 legitimae
928 1481 1104 1554 uenturam,
1134 1477 1247 1558 quoius
1269 1478 1430 1561 perlegam

334 1583 367 1642 iu.
396 1588 424 1642 te
454 1583 503 1643 ius
532 1603 595 1643 uon
619 1586 711 1656 esset,
735 1603 837 1661 neque
861 1581 944 1643 enim
967 1579 1105 1642 familiae
1129 1601 1206 1660 gens
1229 1579 1296 1642 ulla
1317 1580 1430 1662 probari

332 1686 469 1762 poterat,
494 1704 574 1763 quae
597 1687 629 1746 te
651 1683 683 1746 id
706 1682 811 1745 facere
836 1689 973 1762 cogeret:
994 1703 1066 1744 nam
1079 1681 1139 1744 etsi
1154 1681 1254 1762 patris
1270 1685 1430 1744 testamen-

332 1789 399 1846 tum
430 1788 557 1865 ruptum
590 1787 683 1858 esset,
715 1788 821 1846 tamen
851 1783 899 1859 iis,
924 1782 977 1863 qui
1000 1782 1210 1859 intenderent,
1234 1803 1298 1844 arou
1322 1803 1383 1846 aeae
1403 1782 1431 1843 id

333 1885 391 1962 ius,
415 1885 489 1965 quia
512 1886 617 1966 gentis
641 1885 780 1948 eiusdem
802 1906 867 1947 non
889 1887 1024 1946 essent“.

433 1985 597 2060 Quomodo
622 1987 799 2050 Mommsen
822 1986 900 2050 haec
923 1986 1022 2049 uerba
1045 1986 1282 2066 interpretetur,
1306 1986 1431 2049 ostendit

332 2084 384 2149 SR
406 2083 452 2149 Ill
474 2112 503 2169 p.
528 2086 568 2151 28
592 2089 661 2151 adn.
688 2091 718 2150 l:
745 2086 798 2150 “ln
821 2088 876 2150 der
896 2086 1096 2151 Grabschrift
1112 2088 1168 2150 aul
1184 2087 1240 2150 der
1255 2085 1353 2150 Turia
1365 2087 1430 2150 wird

332 2209 393 2249 von
416 2187 467 2249 ihr
489 2193 611 2269 gesagt‚
634 2189 679 2252 sie
702 2189 784 2252 habe
808 2188 876 2251 sich
899 2189 1070 2269 geweigert
1088 2187 1137 2250 die
1154 2187 1431 2252 Geschlechtstutel

332 2288 582 2365 anzuerkennen‚
613 2289 682 2351 weil
706 2289 757 2351 fiir
779 2289 830 2352 ihr
852 2289 941 2352 Haus
964 2289 1038 2352 kein
1061 2286 1363 2352 Geschlechtsrecht
1385 2289 1430 2352 bc-

332 2388 449 2450 stehe.“
497 2389 578 2452 Eam
611 2391 907 2470 interpretationem
941 2395 1015 2454 ante
1046 2390 1163 2456 multos
1193 2411 1293 2453 annos
1317 2391 1431 2472 copiose

331 2489 527 2569 explicaurat
558 2492 789 2569 dissertatione,
822 2513 902 2572 quae
933 2490 1129 2554 inscribitur:
1154 2490 1239 2554 Zwei
1262 2490 1430 2574 Sepulcral-

331 2591 426 2652 reden
458 2614 514 2655 aus
546 2593 600 2655 der
626 2592 696 2656 Zeit
718 2591 859 2674 Augusta
883 2594 946 2656 und
969 2592 1127 2655 Hadriana
1139 2591 1159 2654 ².
1204 2592 1253 2655 Ex
1277 2616 1340 2674 quo
1364 2615 1431 2675 opu-

330 2692 417 2755 sculo
450 2693 529 2757 haec
561 2699 634 2757 ante
667 2695 774 2758 omnia
804 2695 904 2758 uisum
934 2699 982 2758 est
1004 2695 1065 2756 hoc
1087 2693 1159 2758 loco
1182 2715 1430 2758 commemorare.

330 2792 502 2874 Postquam
527 2795 703 2859 Mommsen
728 2819 757 2877 p.
775 2798 834 2859 471
860 2795 939 2858 haec
954 2795 1053 2858 uerba
1068 2795 1284 2877 inscriptionis
1300 2799 1430 2860 nostrae:

333 2897 452 2975 “neque
480 2897 562 2960 enim
590 2897 726 2960 familiae
750 2919 828 2978 gens
851 2896 915 2960 ulla
937 2897 1067 2978 probari
1090 2901 1226 2977 poterat,
1250 2918 1332 2976 quae
1355 2901 1385 2960 te
1405 2895 1431 2957 id

330 2994 434 3058 facere
459 3002 596 3080 copereffl‘
623 2999 668 3061 ita
688 2997 872 3080 explicauit:
900 2998 1017 3060 “ihrem
1035 2998 1142 3061 Hause
1159 2995 1322 3079 (familia)
1338 2999 1431 3062 kdnne

329 3097 402 3158 lrein
426 3097 724 3162 Geschlechtsrecht
747 3099 853 3183 (pens)
876 3099 1119 3180 nachgewiesen
1143 3097 1300 3176 werden“,
1323 3099 1431 3162 ibidem

330 3199 399 3260 adn.
424 3201 442 3260 2
467 3204 578 3262 contra
600 3201 807 3278 aduersarios,
833 3222 964 3281 quorum
990 3205 1153 3281 exspectat
1168 3199 1430 3281 reprehensiones,

329 3299 378 3360 his
402 3299 508 3362 uerbis
532 3322 565 3362 se
588 3299 738 3378 defendit,
769 3323 849 3382 quae
872 3323 911 3363 ne
934 3302 1080 3364 uersione
1102 3322 1174 3363 mea
1195 3299 1278 3362 male
1301 3301 1430 3374 reddam,

329 3399 374 3460 ita
404 3402 439 3462 ut
472 3399 511 3461 ab
544 3421 581 3462 eo
614 3401 733 3483 scripta
764 3406 847 3477 sunt,
879 3402 992 3464 affero:
1032 3401 1124 3464 “Man
1147 3401 1254 3464 wdrde
1277 3423 1315 3464 zu
1338 3401 1430 3464 einem

329 3499 499 3581 allerdings
523 3501 598 3564 weit
620 3504 760 3584 weniger
782 3503 1048 3584 merkwr'irdigeu,
1073 3503 1148 3565 aber
1171 3501 1251 3566 auch
1275 3503 1349 3565 weit
1370 3501 1430 3563 ein-

328 3601 478 3664 facheren
506 3602 680 3684 Ergebniss
708 3605 866 3681 lrommen,
890 3627 981 3667 wenn
1005 3626 1078 3667 man
1101 3604 1151 3666 die
1174 3594 1429 3666 entscheidenderi

329 3702 442 3766 Worte
466 3702 490 3780 l,
514 3706 569 3767 22:
593 3726 692 3790 neque
714 3706 862 3784 furcillae
884 3727 961 3786 perca
985 3705 1051 3768 ullu
1064 3705 1199 3788 probari
1210 3711 1339 3788 poterat
1350 3701 1429 3766 nicht

328 3804 467 3867 abstract
499 3827 559 3868 von
586 3807 657 3870 dem
688 3807 806 3883 Hause,
839 3808 975 3870 sondern
999 3811 1127 3870 conaret
1149 3827 1210 3869 von
1234 3806 1295 3868 den
1318 3803 1429 3884 angeb-

328 3904 431 3967 lichen
454 3905 675 3971 Vormr'indern
699 3909 851 3983 versteht,
872 3908 939 3971 also
961 3907 1050 3971 nicht
1069 3908 1243 3970 ubersetzt:
1263 3907 1428 3970 'eskonnte

432 4055 439 4084 ¹
459 4061 485 4107 Ο.
505 4061 524 4106 Ι.
544 4063 572 4107 L.
592 4063 626 4109 VI
647 4065 718 4110 1527.
755 4064 800 4108 Gfr
818 4064 915 4111 Bruns:
940 4063 1035 4108 Fontes
1055 4063 1119 4108 iuris
1138 4054 1251 4107 romani⁰
1270 4075 1294 4120 p.
1315 4062 1360 4108 282
1378 4073 1426 4117 sqq.

431 4139 440 4168 ²
458 4145 521 4190 Phil.
548 4147 600 4191 und
624 4147 690 4195 Hist.
710 4148 775 4193 Abh.
796 4149 840 4193 der
860 4147 961 4204 Konigl.
982 4147 1061 4192 Akad.
1081 4147 1105 4192 d.
1125 4145 1281 4192 Wisaensoh.
1300 4159 1332 4190 zu
1350 4143 1427 4190 Berlin

330 4230 393 4274 1863
413 4243 436 4287 p.
456 4230 505 4275 455
524 4243 580 4288 sqq.
