3004 5066
534 431 692 484 -29-

52 594 154 674 scindo
191 595 346 674 audistis,
376 583 535 678 patricios
564 596 669 676 prrirno
701 613 766 656 csse
795 594 910 672 factos,
933 615 995 658 noo
1020 595 1057 656 de
1081 595 1166 657 cocto

54 697 221 775 (leonianae,
259 696 314 759 scd
344 697 400 779 qni
426 701 553 778 putrem
585 697 666 757 ciere
688 703 824 776 possent,
850 695 885 757 id
908 702 952 758 est
975 693 1058 757 nibil
1080 697 1166 758 nitra

53 820 148 882 quom
173 797 356 878 ingenuos?

155 897 188 962 Is
228 897 368 974 Cincius,
402 899 491 962 cuius
523 900 623 962 uerba
650 923 669 962 a
699 899 796 962 Festo
828 903 955 960 seruate
985 909 1080 979 supra
1112 921 1166 962 ex-

55 999 178 1080 scripsi,
204 1021 292 1062 nunc
315 999 413 1080 uulgo
437 1000 575 1064 creditur
590 1023 654 1064 non
670 1000 829 1063 annalium
846 999 899 1062 ille
912 999 1048 1080 scriptor
1060 999 1167 1073 fuisse,

56 1102 109 1164 sed
140 1101 227 1164 alter
260 1100 296 1164 L.
320 1099 457 1177 Cincius,
486 1102 575 1166 cuius
599 1124 705 1182 opera,
729 1105 807 1182 quot
829 1122 912 1164 nunc
936 1101 1063 1181 cognita
1085 1107 1168 1178 sunt,

57 1202 96 1266 H.
119 1201 222 1266 Peter
245 1204 279 1266 in
302 1202 536 1268 Historicornm
560 1201 777 1266 Romanorum
801 1201 958 1282 Reliquiis
979 1226 1009 1284 p.
1034 1225 1069 1266 cv
1091 1225 1169 1266 enu-

57 1309 157 1367 merat
190 1326 354 1385 quemque
381 1303 499 1368 ibidem
522 1327 573 1386 pp.
598 1327 655 1367 cvn
677 1327 724 1386 sq.
749 1303 903 1367 Uarronis
927 1303 1091 1383 aequalem
1115 1309 1171 1366 aut

61 1405 151 1486 paulo
184 1405 344 1470 maiorem
374 1405 473 1468 fuisse
504 1411 635 1470 conatus
663 1411 711 1468 est
734 1405 910 1468 ostendere.
956 1404 999 1468 Et
1021 1407 1172 1485 quoniam

62 1528 126 1589 eum
161 1506 310 1570 Cincium
344 1507 438 1570 etiam
461 1507 493 1568 in
517 1507 734 1588 grammaticis
757 1507 852 1569 rebus
877 1528 1005 1586 operam
1028 1507 1171 1587 posuisse

8 1595 9 1598 ¹
61 1608 248 1690 accipimus,
286 1607 380 1670 facile
414 1608 505 1672 nobis
536 1609 774 1689 persuademus,
814 1607 945 1670 Festum
977 1608 1075 1671 uerba
1105 1609 1171 1672 eius

60 1710 248 1772 summatim
284 1709 407 1774 dedisse
439 1714 470 1772 et
502 1731 540 1774 ex
571 1709 680 1774 Cincio
708 1710 838 1773 fluxisse
862 1713 917 1772 aut
940 1709 1051 1798 saltem
1076 1711 1169 1773 etiam

62 1811 143 1890 apud
181 1832 258 1874 eum
294 1811 446 1874 traditum
483 1833 561 1887 esse,
594 1813 679 1891 quod
711 1811 794 1892 apud
824 1811 952 1873 Liuium
984 1815 1016 1873 et
1049 1811 1171 1892 Diony-

62 1911 142 1972 sium
166 1911 325 1992 scriptum
358 1917 415 1988 est,
446 1912 599 1993 patricios
630 1912 675 1976 ita
706 1917 846 1986 uocatos,
870 1911 945 1990 quia
967 1911 1025 1973 soti
1050 1916 1172 1992 patrem

63 2012 144 2075 ciere
168 2016 316 2092 (πατέρας
338 2010 493 2082 ἀποδεῖξαι
515 2013 583 2075 siue
606 2010 764 2095 ὀνομάσαι)
786 2017 926 2093 possent,
950 2012 970 2074 i.
995 2034 1020 2074 e.
1044 2012 1104 2074 soli
1123 2013 1172 2074 in-

63 2114 157 2194 genui
181 2095 300 2178 essedt.
344 2113 452 2194 Atque
474 2115 506 2178 ni
530 2115 634 2190 fallor,
657 2115 726 2195 ipsa
749 2113 836 2176 Festi
852 2112 951 2176 uerba
962 2113 1085 2190 docent,
1099 2112 1173 2176 Cin-

64 2215 111 2277 cio
145 2237 212 2278 non
248 2217 352 2280 minus
383 2218 472 2297 cordi,
501 2217 610 2294 fuisse,
642 2222 677 2279 ut
699 2216 904 2298 patriciorum
929 2215 1174 2297 appellationem

65 2316 255 2395 declararet,
283 2341 378 2398 quam
406 2324 441 2381 ut
462 2318 649 2399 patriciatus
672 2322 820 2380 naturam
843 2323 875 2380 et
897 2317 1053 2398 originem
1077 2322 1175 2398 exposs

65 2422 163 2480 neret.
211 2419 275 2482 Sed
305 2421 463 2500 quomodo
486 2420 688 2484 iudicandum
712 2420 754 2482 sit
777 2420 814 2482 de
838 2418 896 2495 his,
921 2441 1001 2498 qnae
1026 2443 1044 2481 a
1067 2418 1175 2482 Cincio

67 2524 97 2582 et
119 2521 191 2585 aliis
214 2521 334 2584 tra'dita
356 2527 439 2599 sunt,
462 2543 545 2585 nunc
569 2525 709 2586 statuere
733 2542 892 2584 conemur.
932 2519 1030 2583 Recte
1054 2521 1176 2582 monuit

66 2620 258 2699 Mommsen,
285 2623 343 2687 hos
372 2624 602 2705 etymologicus
625 2623 723 2700 lusus,
746 2623 773 2685 si
797 2623 835 2684 ad
858 2643 925 2684 rem
947 2626 1081 2702 spectas
1105 2643 1176 2684 cum

69 2746 124 2786 sna
157 2725 260 2807 ipsius
295 2726 382 2790 uocis
412 2727 576 2809 patricias
608 2725 812 2806 explicandae
844 2724 967 2786 ratione
990 2745 1176 2802 congruere,

69 2844 137 2887 cum
166 2831 261 2907 putet
283 2827 329 2889 rei
351 2827 498 2908 publicae
522 2848 671 2890 romanae
693 2825 862 2906 primarios
885 2826 981 2900 ciueS,
1005 2824 1060 2904 qui
1082 2825 1176 2887 iidem

69 2925 127 2988 soli
160 2927 314 3008 gentiles·
334 2933 448 3005 essent,
482 2929 553 2991 ideo
584 2927 735 3009 patricios
765 2925 952 3008 appellatos,
976 2925 1051 3005 quia
1072 2925 1094 2986 ii
1118 2925 1177 2988 soli

70 3026 135 3090 inre
167 3034 295 3112 patrem
324 3029 489 3093 haberent.
535 3029 596 3092 Sed
619 3029 704 3109 quod
725 3028 807 3091 hanc
830 3028 920 3102 uerbi
943 3027 1008 3090 uim
1031 3027 1176 3090 iurecon-

8 3205 9 3208 ,
71 3129 161 3194 sultis
193 3131 371 3211 antiquitus
398 3137 504 3196 notem
529 3136 561 3194 et
583 3131 763 3210 unicuique,
788 3129 841 3210 qui
864 3129 961 3192 latine
984 3128 1178 3208 loqueretur,

71 3229 242 3296 didacidem
275 3234 373 3298 fuisse
407 3234 577 3310 existimat,
612 3233 857 3314 etymologicam
887 3253 963 3296 uero
992 3231 1177 3313 explicatio-

72 3352 142 3394 nem
172 3338 291 3415 'postea
324 3369 364 3378 ψ
398 3333 535 3416 Augusti
570 3333 768 3415 temporibus
801 3371 839 3380 -κ
873 3331 1023 3408 factam¹,
1058 3355 1179 3408 uereor,

72 3455 110 3495 ne
132 3437 277 3516 grauiter
301 3440 394 3498 erret.
427 3434 506 3498 ‚Siue
530 3436 680 3516 patricios
705 3439 835 3516 epatre
860 3435 971 3496 ciendo
995 3435 1096 3498 dictos
1119 3457 1178 3515 pu-

74 3535 184 3600 tabant
217 3542 341 3600 ueteres
372 3537 552 3617 scriptores,
580 3538 647 3599 siue
670 3537 703 3600 in
725 3537 788 3598 fine
811 3535 901 3598 uerbi
924 3535 1007 3598 idem
1030 3534 1179 3598 suffixum

75 3639 300 3716 agnoscebant,
332 3639 416 3720 quod
448 3643 480 3702 et
508 3639 539 3700 in
568 3639 739 3701 aedilicius
762 3641 793 3700 et
816 3636 1009 3700 tribunicius
1032 3637 1179 3713 occurrit,

75 3736 161 3802 illam
193 3741 488 3821 interpretationem
515 3763 579 3805 non
602 3741 640 3802 ad
665 3762 718 3803 eos
742 3739 781 3801 ab
805 3737 1033 3818 antiquissimis
1055 3741 1179 3818 tempo-

76 3839 163 3931 ribus
186 3843 347 3918 traditam,
371 3843 424 3906 sed
449 3842 489 3905 ab
512 3843 550 3905 iis
574 3842 650 3922 ipsis
673 3841 896 3921 excogitatam,
921 3843 952 3902 et
974 3839 1020 3901 ita
1042 3837 1180 3918 quidem,

77 3943 111 4002 ut
141 3945 243 4025 magis
275 3944 364 4007 uerbi
395 3945 530 4007 formam
557 3967 651 4024 quam
674 3944 777 4024 ipsam
798 3963 866 4003 rem
889 3942 1079 4022 spectarent,
1103 3937 1181 4000 mihi

77 4061 261 4120 persuasum
285 4051 342 4110 est.
387 4045 437 4110 Ad
461 4069 555 4128 quam
578 4045 765 4110 sententiam
792 4065 829 4106 eo
853 4043 953 4124 magis
969 4041 1097 4118 inclino,
1110 4063 1181 4104 cum

182 4213 190 4242 ¹
209 4219 247 4264 SR
266 4219 305 4264 111
324 4233 348 4278 p.
370 4222 399 4264 13
420 4220 477 4264 adn.
497 4221 519 4266 2.
