3004 5066
588 378 746 430 -ρχ,ν

106 539 272 620 publicum
295 561 498 603 romanorum
520 540 689 620 pertinent,
711 561 865 602 summam
881 540 1078 622 diligentiam
1095 545 1126 604 et
1142 542 1216 604 doc·

105 641 228 704 trinam
262 639 442 704 adhibuisse
475 645 614 722 putatur.
660 640 779 704 Tamen
813 643 987 706 cauendum
1019 648 1076 719 est,
1105 665 1144 706 ne
1167 645 1216 706 ni-

105 743 208 805 miam
240 743 268 804 ei
303 742 399 804 fidem
431 741 614 805 habeamus.
649 741 755 828 ¹Nam
788 749 820 806 et
853 745 885 805 in
920 744 989 806 aliis
1024 747 1151 822 errauit,
1186 750 1218 808 et

106 865 302 923 quamquam
333 843 538 906 historiarum
570 843 682 908 Dionis
716 844 783 907 eius
816 845 927 924 partis,
960 867 1039 925 quae
1072 846 1110 908 ad
1133 839 1216 908 anti-¹

107 944 264 1024 quissima
285 943 395 1024 populi
416 944 540 1008 romani
562 950 707 1025 tempora
729 946 919 1026 pertinebat,
942 968 1100 1027 perpauca
1116 946 1217 1009 adhue

108 1050 289 1122 seruantur,
323 1067 416 1125 quae.
436 1050 568 1123 restant,
603 1047 679 1110 satis
712 1046 835 1124 docent,
868 1048 951 1110 hnnc
973 1049 1161 1130 scriptorem
1185 1049 1218 1110 in

108 1147 196 1210 illius
227 1147 341 1210 aetatis
371 1147 467 1210 rebus
495 1148 660 1210 narrandis
683 1148 763 1212 nihil
786 1153 840 1212 aut
862 1149 928 1212 fere
951 1150 1030 1212 nihil
1053 1185 1093 1194 -
1115 1171 1217 1230 neque

107 1248 258 1328 prudenti
280 1248 416 1311 fontium
440 1249 660 1312 aestimatione
684 1270 785 1329 neque
802 1273 877 1314 cura
892 1255 987 1330 atque
999 1251 1164 1331 diligentia
1177 1289 1215 1296 -

110 1350 225 1412 ceteris
248 1349 447 1430 antiquitatis
469 1351 678 1431 scriptoribus
700 1356 873 1432 praestare.

214 1449 302 1524 Quod
325 1455 360 1514 ut
382 1452 529 1533 exemplo
554 1453 815 1530 demonstremus,
839 1454 988 1518 discimus
1004 1454 1117 1534 fragm.
1137 1454 1217 1530 lat

107 1550 281 1616 Romulum
307 1560 421 1635 putres
453 1554 602 1634 elegisse:
631 1551 688 1632 ἐγὼ
711 1551 799 1636 ὑμᾶς,
823 1550 846 1614 ὦ
869 1558 1004 1636 πατέρες,
1028 1552 1218 1636 ἐξελεξάμην,
1280 1637 1283 1642 ¹

106 1649 166 1735 οὑχ
187 1649 235 1714 ἵνα
258 1649 342 1735 ὑμεῖς
365 1651 438 1735 ἐμοῦ
462 1652 594 1738 ἄρχοιτε,
618 1653 695 1716 ἀλλ”
709 1652 757 1717 ἵνα
773 1653 831 1734 ἐγὼ
846 1652 914 1737 ὑμῖν
930 1653 1118 1738 ἐπιτάττοιμι.
1152 1655 1218 1719 Ubi

105 1755 373 1819 uerisimillimum
397 1757 532 1832 uidetur,
547 1777 626 1820 noce
641 1760 767 1838 πατέρες
783 1762 945 1820 senatores
958 1757 1141 1838 significari.
1173 1757 1217 1818 nt

106 1858 193 1939 quod
224 1857 287 1930 Dio
319 1855 489 1921 Romulum
521 1861 646 1938 πατέρες
673 1858 830 1922 dicentem
852 1851 938 1934 facit,
963 1881 1033 1922 cum
1055 1858 1217 1920 ueteribus
1302 1913 1303 1916 ,

106 1958 277 2022 annalibus
294 1959 473 2022 consentire
489 1959 627 2034 uidetur;
651 1961 706 2022 sed
722 1981 755 2022 re
771 1981 847 2022 uera
857 1961 963 2022 nescio
977 1982 1016 2022 an
1029 1981 1103 2022 casu
1116 1959 1216 2039 scrip·

105 2060 195 2134 serit,
220 2060 303 2140 quod
327 2059 377 2123 hic
401 2065 470 2123 erat
493 2059 709 2135 scribendum
733 2083 806 2122 nam
829 2061 899 2123 aliis
923 2061 1011 2136 locis,
1027 2060 1082 2124 ubi
1098 2060 1216 2140 aliquid

73 2161 81 2166 ’
105 2162 356 2242 exspectandum
379 2165 456 2238 erat,
481 2163 565 2242 quod
588 2161 722 2224 latinum
740 2169 854 2244 potres
878 2164 1051 2244 conscripti
1070 2161 1217 2226 redderet

105 2268 207 2347 fut
237 2261 342 2326 XLIV
366 2265 406 2326 23
439 2267 470 2326 et
502 2263 591 2326 XLV
617 2265 655 2326 18
681 2299 718 2305 --
743 2263 931 2345 simpliciter
953 2267 1078 2345 πατέρες
1099 2264 1216 2344 posuit,

105 2387 171 2428 non
194 2368 320 2445 πατέρες
342 2361 484 2446 ἔγγραφοι
507 2369 615 2428 aut-
632 2369 667 2428 ut
689 2365 862 2446 Dionysius
886 2365 915 2428 V
940 2367 993 2440 72,
1017 2363 1064 2428 VI
1087 2366 1141 2440 353
1160 2366 1215 2439 373

105 2467 159 2542 38,
191 2465 269 2529 alias
293 2462 378 2526 -ιὺ
411 2466 516 2548 βουλή,
549 2467 632 2546 quod
661 2489 725 2529 non
752 2488 768 2529 e
791 2467 908 2529 latinae
931 2467 1059 2547 linguae
1084 2487 1215 2530 consue-

103 2567 226 2644 tudine,
256 2567 311 2630 sed
333 2572 441 2630 tamen
463 2567 565 2648 magis
589 2568 627 2630 ad
649 2590 717 2630 rem
739 2568 861 2632 fnisset.
907 2566 969 2632 Sed
992 2567 1091 2630 multo
1114 2568 1216 2647 magis

104 2670 139 2731 in
172 2668 235 2730 alia
265 2691 299 2732 re
331 2669 473 2756 offendit.
519 2668 596 2732 Cum
627 2669 730 2750 plebis
759 2675 790 2732 et·
811 2669 1019 2750 patriciorum
1043 2669 1216 2732 certamina

104 2771 265 2834 narranda
287 2775 402 2848 essent,
425 2771 631 2852 patriciorum
656 2770 773 2834 nullam
791 2772 985 2834 mentionem
1000 2770 1113 2834 fecisse
1126 2771 1214 2834 uide-

102 2879 158 2936 tur
192 2879 224 2936 et
256 2873 306 2935 his
341 2873 447 2936 uerbis
480 2872 680 2953 plebeiorum
707 2873 871 2936 hominum
907 2877 1029 2936 motum
1064 2871 1216 2935 describit

103 2974 234 3054 (fragm.
270 2976 317 3051 16,
342 2974 389 3055 4);
426 2972 527 3041 ἄλλως
561 2995 590 3033 τε
621 2975 678 3054 γὰρ
706 2971 923 3056 ἐδυσχέραινον,
947 2971 991 3034 ὅτι
1014 2976 1056 3056 μὴ
1079 2975 1116 3034 τὰ
1139 2968 1215 3033 αὑτὰ

103 3074 241 3158 δεόμενοι
271 3085 352 3160 σφῶν
381 3071 408 3136 oi
430 3075 586 3156 βουλευταὶ
608 3077 659 3136 καὶ
681 3079 819 3158 τυχόντες
843 3072 992 3158 ἐφρόνουν,
1017 3072 1085 3134 ἀλλ’
1109 3071 1139 3135 ἐν
1163 3078 1215 3155 μὲν

103 3185 146 3256 τῷ
178 3176 300 3257 νιινδὺνῳ
333 3177 434 3238 πολλὰ
465 3179 516 3237 καὶ
548 3177 666 3258 μεγάλα
690 3173 790 3246 αὑτοῖς
812 3173 986 3260 ὑπέσχοντο,
1011 3177 1158 3244 σωθέντες
1182 3175 1213 3236 δέ

102 3273 191 3336 οὑδέν
226 3273 295 3338 οὑδὲ
329 3286 385 3338 τῶν
420 3274 587 3359 ἐλαχίστων
618 3269 770 3359 ἐποίησαν.
815 3277 889 3340 Non
917 3277 1044 3358 patricii
1075 3277 1136 3353 hic,
1160 3277 1215 3339 sed

100 3382 267 3461 senatores
290 3379 415 3460 plebem
440 3378 635 3458 oppressisse
659 3380 814 3442 dicuntur.
853 3378 959 3460 Atque
982 3400 1021 3441 ne
1039 3379 1215 3466 credamus,

101 3479 240 3543 Dionem
270 3481 421 3560 patricios
449 3480 585 3543 maxime
609 3485 771 3544 senatores
795 3481 962 3561 designare
985 3480 1133 3556 uoluisse,
1158 3493 1213 3542 e0-'

102 3581 177 3644 dem
199 3580 269 3644 loco
293 3577 320 3642 οἱ
340 3577 495 3663 ἰσχὺοντες
517 3589 579 3650 τοῖς
601 3585 753 3665 χρήμασιν
777 3586 809 3644 et
831 3578 858 3642 οἱ
880 3580 1109 3661 καταδεέστεροι
1129 3581 1213 3642 inter

101 3703 137 3745 se
161 3685 363 3763 opponuntur
386 3682 442 3763 (1),
466 3683 544 3746 item
567 3678 594 3744 οἱ
618 3681 811 3763 δυνατώτεροι
834 3686 865 3764 et
888 3679 915 3743 οἱ
930 3678 1138 3761 ὑποδεέστεροι
1155 3681 1211 3762 (7),

100 3784 181 3846 item
211 3784 419 3864 pecuniarum
455 3784 628 3848 creditores
661 3789 692 3847 et
723 3783 883 3847 debitores
914 3782 970 3863 (8).
1016 3781 1116 3845 lmmo
1141 3804 1212 3846 oum

100 3883 207 3965 prima
228 3884 331 3966 plebis
354 3885 491 3948 secessio
516 3890 783 3949 commemoratur
806 3883 900 3965 (lbid.
918 3883 961 3963 9),
977 3907 1016 3947 ne
1035 3906 1071 3947 ea
1088 3885 1215 3964 quidem

99 3990 234 4067 propter
269 3987 473 4068 patriciorum
511 3988 641 4050 iniurias
678 3987 763 4049 facta
798 4007 866 4049 esse
898 3985 1023 4061 dicitur,
1064 3986 1118 4048 sed
1155 4006 1214 4066 pro

98 4086 246 4168 patriciis
282 4087 398 4150 iterum
436 4083 463 4148 ol
495 4087 650 4167 βουλευταί
691 4090 869 4150 occurrunt.
932 4085 1094 4163 Crederes,
1129 4086 1211 4166 apud

99 4188 240 4251 Dionem
262 4188 386 4269 plebem
411 4188 518 4251 statim
541 4193 614 4270 post
637 4210 728 4270 reges
753 4191 881 4252 exactos
900 4209 963 4251 non
980 4209 1050 4251 cum
1065 4187 1210 4267 patriciis
