3004 5066
529 410 687 462 „17-

67 574 112 634 rat
143 570 267 659 Fabius,
297 569 378 650 quid
410 575 483 650 post
514 574 647 634 mortem
681 570 811 635 Aemilii
839 571 941 635 Paulli
963 573 1064 648 fieret,
1088 593 1158 635 cum

66 673 105 736 M.
132 671 297 736 Marcellus
326 671 435 734 consul
465 672 615 738 suffectus
639 677 732 736 esset.
780 672 839 736 Get
862 676 987 736 incurrit
1010 675 1157 736 consulo-

65 782 126 836 tron
159 795 225 836 (turn
262 775 426 849 tonuisset,
460 777 568 837 aocote'
601 795 740 857 <repares
773 777 855 838 aritio
885 783 1023 838 ereetum
1052 776 1159 837 anteri

62 877 363 959 peronnentiouerrmt,
394 877 551 958 rrulpoque
577 883 689 958 potres
714 880 758 938 ito
784 876 876 958 forero
897 878 1053 959 ferebant,
1076 877 1160 960 quod

66 985 126 1040 tura
145 979 286 1060 peninum
310 977 372 1064 dno
393 977 510 1059 plebeii
533 978 676 1040 eonsules
696 978 780 1059 fecti
802 987 914 1059 essent,
936 980 970 1042 te
986 979 1054 1042 deis
1071 980 1160 1042 cordi

67 1100 125 1142 nore
155 1077 250 1142 esse¹.
295 1077 364 1152 Quo
396 1079 548 1160 adductus
580 1083 628 1142 est
656 1079 836 1157 Marcellus,
859 1085 894 1143 ut
916 1081 1104 1160 magistratu
1126 1103 1159 1144 se

68 1179 229 1244 abdicaret.
274 1179 318 1242 Et
348 1179 457 1260 paucis
487 1180 577 1242 annis
606 1185 679 1260 post
700 1180 854 1261 patriciae
878 1181 1078 1261 arrogantiae
1101 1203 1159 1244 no-

67 1303 136 1342 uum
158 1281 314 1361 proditum
339 1284 387 1342 est
410 1279 602 1360 exemplum3
626 1303 708 1344 anno
732 1281 815 1344 enim
839 1303 866 1343 a.
891 1281 946 1344 Cb.
963 1305 993 1344 n.
1010 1283 1159 1346 ducente-

70 1381 144 1443 simo
175 1403 255 1444 nono
288 1384 373 1443 inter
406 1383 566 1444 erectorum
598 1379 705 1444 rerum
739 1403 833 1448 ceros
868 1386 996 1446 comitio
1027 1386 1161 1446 monitui

71 1483 204 1548 curionis
234 1517 268 1524 -
299 1517 337 1524 ·-
361 1517 401 1525 —-
429 1488 521 1544 aetas
554 1484 776 1545 concitauerunt
810 1490 977 1563 certamen,
1010 1486 1162 1566 patriciis

68 1583 246 1664 aequalibus
272 1582 302 1645 Ο.
328 1582 472 1646 Mamilia?
504 1583 613 1661 Atelli,
644 1585 700 1666 qni
732 1605 815 1646 cerrus
847 1601 884 1646 eor
908 1584 998 1667 plebe
1025 1585 1160 1668 petebat,

66 1683 236 1746 babendum
263 1686 422 1746 ontionem
451 1705 526 1762 esse,
550 1685 628 1767 preto
650 1705 742 1747 nemo
763 1693 837 1748 oete
860 1706 929 1748 euru
952 1688 1019 1748 arisi
1042 1703 1079 1749 ec
1100 1708 1160 1769 pu-

65 1784 160 1848 tribus
190 1785 227 1848 id
257 1786 468 1848 secerdotium
502 1783 694 1848 babuisset².
740 1784 789 1848 Sit
819 1785 880 1848 hoc
907 1809 1049 1867 paruum,
1073 1793 1161 1850 utet

65 1885 151 1972 Liuio
183 1886 287 1949 uisum
319 1892 375 1949 est.
429 1885 540 1950 Nihilo
583 1887 695 1964 minus,
731 1887 879 1967 quamdiu
917 1888 1071 1968 quaedam
1104 1911 1160 1968 pa-

64 1987 149 2050 tricia
181 1989 251 2050 iura
285 1987 543 2064 defendebantur,
577 1989 654 2052 satis
688 1989 859 2050 uerisimile
890 1993 947 2065 est,
978 2010 1086 2051 earum
1109 2011 1160 2051 ra·
1252 2045 1255 2052 ,

63 2089 177 2152 tionum
212 2089 395 2152 memoriam
428 2093 587 2152 seruatam
619 2110 697 2165 esse,
722 2088 835 2168 quibus
859 2093 932 2152 ante
954 2091 1081 2177 patricii
1103 2113 1161 2171 pro

63 2213 115 2252 suo
147 2191 328 2272 principatu
361 2212 503 2271 pugnare
538 2195 777 2254 consueuerant.
822 2189 897 2254 Non
932 2191 1032 2254 deluit
1064 2191 1162 2272 igitur

63 2290 157 2354 Fabio
180 2315 287 2355 rerum
311 2293 411 2372 copia,
436 2313 567 2371 quarum
591 2291 708 2354 auxilio
732 2291 799 2372 ipse
821 2296 908 2354 recte
931 2297 1071 2356 statuere
1086 2316 1160 2374 pos-

63 2397 118 2469 set,
150 2393 204 2456 ubi
239 2393 391 2474 patriciae
425 2393 602 2456 nobilitatis
636 2393 726 2473 origo
760 2397 843 2456 esset
867 2395 1055 2473 quaerenda,
1100 2392 1161 2457 Sed

63 2495 180 2558 etiamsi
205 2495 281 2558 belli
305 2495 411 2576 punici
434 2495 562 2558 secundi
585 2494 781 2576 temporibus
801 2495 962 2575 pertenuis
987 2495 1072 2558 facta
1094 2502 1162 2558 erat

61 2596 181 2676 patricii
218 2597 294 2658 iuris
329 2595 479 2676 cognitio,
513 2600 619 2658 tamen
653 2595 730 2658 satis
763 2596 855 2658 firmo
886 2595 1091 2660 fundamento
1114 2597 1160 2658 ia-

4 2717 6 2720 ·
63 2701 138 2773 cent,
162 2719 244 2777 quae
268 2698 305 2760 de
329 2697 471 2778 gentium
494 2696 700 2777 patriciarum
723 2697 845 2776 origine
868 2697 1010 2759 narrauit
1033 2696 1160 2760 Fabius.

61 2796 139 2860 Nam
170 2819 301 2862 necesse
334 2804 381 2861 est
416 2799 589 2874 credamus
622 2820 691 2862 eum
724 2798 808 2877 quod
839 2798 878 2860 de
900 2797 1028 2861 Romuli
1050 2803 1161 2860 senatu

62 2901 162 2977 tradit,
186 2923 251 2964 non
274 2901 376 2982 ipsum
401 2901 600 2976 confinxisse,
624 2900 679 2962 sed
701 2900 733 2962 id
756 2899 930 2980 scripsisse,
954 2900 1037 2980 quod
1060 2923 1160 2962 ama-

62 3000 176 3066 ioribus
203 3001 398 3083 accepisset.
432 3000 494 3064 Sed
516 3002 542 3063 si
566 3005 639 3063 ante
662 3000 728 3064 eius
752 3004 888 3063 aetatem
911 2999 998 3062 illam
1021 3001 1161 3064 fabulam

61 3103 226 3166 confictam
271 3125 339 3166 esse
381 3108 537 3184 putamus
578 3125 641 3166 non
673 3124 840 3183 possumus
881 3124 944 3165 non
979 3103 1160 3178 concedere,

61 3225 95 3266 eo
125 3209 270 3285 tempore
291 3227 373 3288 *eam
406 3205 548 3269 extitisse
580 3209 634 3268 aut
665 3203 759 3285 paulo
790 3208 873 3284 post,
897 3225 959 3284 quo
982 3225 1045 3266 non
1067 3205 1161 3268 modo

4 3361 9 3368 .
60 3325 119 3367 non
143 3305 321 3386 composita
344 3311 450 3370 essent
472 3310 597 3387 patrum
615 3310 646 3368 et
660 3305 763 3386 plebis
780 3305 961 3382 certamina,
978 3306 1032 3368 sed
1049 3306 1160 3369 etiam·

60 3409 125 3468 tum
152 3429 248 3487 quam
272 3407 424 3470 acerrime
447 3411 642 3487 gererentur.
687 3404 729 3468 lis
752 3428 828 3469 uero
851 3407 1057 3486 temporibus,
1082 3429 1161 3487 quae

4 3567 5 3572 ,
59 3506 184 3572 illarum
208 3509 445 3572 contentionum
468 3507 563 3588 plena
586 3512 685 3584 erant,
709 3506 839 3570 Publilii
862 3506 1005 3570 Philonis
1026 3512 1060 3578 et
1076 3508 1161 3571 Hor-

4 3689 5 3692 *
59 3609 151 3670 tensii
185 3610 392 3690 temporibus
424 3631 488 3671 non
518 3608 613 3671 facile
645 3608 812 3688 negaueris
843 3608 988 3688 indagari
1010 3609 1160 3690 potuisse,

4 3765 6 3780 ,
59 3731 137 3788 quae
170 3711 337 3774 diuersitas
368 3711 451 3773 inter
482 3709 633 3791 patricios
656 3713 739 3772 esset
762 3713 794 3771 et
816 3708 941 3790 plebem
965 3714 997 3772 et
1020 3731 1081 3790 quo
1103 3733 1160 3790 pa-

4 3797 10 3870 ζ
58 3811 150 3874 tricia
179 3811 329 3876 nobilitas
362 3813 481 3876 semine
514 3817 584 3876 orta
613 3815 705 3875 esset.
751 3808 784 3873 Si
817 3815 884 3875 tum
919 3813 1071 3892 temporis
1098 3833 1162 3876 non

58 3913 162 3991 potuit
194 3913 339 3991 discerni,
371 3913 524 3994 patricios
550 3914 637 3977 uiros
660 3912 839 3994 antiquiore
863 3913 998 3992 quodam
1024 3913 1162 3977 ciuitatis

57 4035 175 4094 genere
198 4013 270 4092 frui,
294 4038 330 4078 ac
353 4016 488 4096 patricia
510 4015 660 4078 nobilitas
684 4039 700 4078 e
723 4015 851 4097 publico
875 4014 1008 4095 quodam
1030 4015 1161 4078 consilio

127 4121 255 4201 'nias
268 4156 307 4212 aa,
327 4157 366 4200 ar.
403 4154 447 4199 crr
466 4155 532 4198 erut.
553 4155 630 4200 nare.
652 4157 689 4200 12,

162 4232 246 4285 ²mu.
267 4241 307 4295 oo,
327 4242 348 4284 a.

134 4339 160 4376 E.
178 4337 278 4376 Stnotf.
306 4339 338 4375 De
353 4338 443 4385 origine
459 4337 565 4386 gentium
581 4338 744 4384 patriciarum.
