3004 5066
788 413 943 466 ..14-

319 574 397 637 “Die
428 573 584 638 rbmische
616 573 924 656 Vollbtirgerschaft,
957 597 992 639 so
1022 561 1102 640 wird
1124 577 1258 660 gelehrt,
1283 577 1414 656 bestarul

316 675 538 757 ursprtiuglich
564 698 620 738 aus
652 675 789 739 hundert
822 676 985 754 Familien,
1018 679 1113 740 deren
1137 677 1247 755 Vater,
1271 678 1321 742 die
1337 685 1414 761 put-

315 799 376 858 rcs,
412 777 462 840 die
498 777 589 840 mehr
627 778 702 840 oder
740 778 862 842 minder
898 784 1027 842 concret
1064 779 1242 860 gedachten
1279 777 1416 843 Stemm-

316 882 405 941 vatter
432 879 488 940 der
510 878 672 942 einzelnen
696 877 931 956 Geschlechter,
955 881 1016 943 den
1038 879 1134 957 Rath,
1158 881 1254 944 deren
1277 880 1416 944 Descen-

316 981 440 1056 denteu,
472 980 522 1042 die
549 983 696 1063 patricii,
729 981 787 1044 mit
812 983 909 1064 jeuen
933 982 983 1044 die
1006 981 1236 1063 Btirgerschaft
1258 982 1414 1046 bilden1.“

316 1082 402 1157 Quae
432 1082 532 1146 uerba
562 1104 601 1144 ne
632 1083 807 1146 testimonii
837 1083 898 1146 fide
930 1087 1068 1160 careant,
1092 1084 1296 1148 adnotatione
1319 1084 1420 1146 altera

315 1184 465 1247 inferiore
487 1183 605 1264 pagina
628 1184 734 1253 addita
753 1184 895 1265 legentes
912 1185 950 1246 ad
966 1205 1020 1248 eos
1035 1185 1122 1267 ipsos
1137 1184 1225 1248 locos
1240 1185 1419 1260 mittuntur,

316 1307 395 1365 quos
426 1307 521 1366 supra
551 1286 876 1362 commemorauimus,
907 1285 971 1349 Cic.
995 1287 1032 1349 de
1055 1307 1121 1367 rep.
1145 1284 1176 1348 ll
1201 1288 1250 1363 12,
1276 1288 1326 1363 23,
1349 1285 1419 1350 Liu.

316 1385 330 1448 l
354 1387 383 1462 8,
406 1385 537 1466 Dionys.
562 1384 592 1448 ll
615 1387 643 1450 8.
689 1385 754 1451 Ubi
783 1387 844 1450 nisi
867 1389 967 1452 oculis
989 1387 1140 1465 fallimur,
1163 1409 1203 1450 ne
1226 1387 1325 1451 uerbo
1349 1388 1419 1468 qui-

316 1487 388 1550 dem
409 1487 561 1569 patriciae
585 1487 722 1552 ciuitatis
745 1489 864 1552 mentio
887 1490 933 1551 fit.
972 1488 1021 1552 Ne
1044 1487 1218 1569 Dionysius
1240 1489 1369 1569 quidem
1386 1510 1421 1551 ea

316 1589 418 1664 docet,
443 1610 522 1668 quae
546 1610 615 1652 cum
639 1589 746 1652 uerbis
769 1589 832 1652 illis
855 1590 1045 1654 Mommseui
1070 1595 1256 1672 congruant.
1301 1588 1421 1652 Narrat

316 1711 334 1751 a
356 1711 432 1770 rege
456 1711 520 1764 eoa,
544 1691 598 1770 qui
621 1690 789 1754 humiliore
812 1692 940 1754 fortuna
961 1692 1115 1768 uiuerent,
1131 1690 1273 1772 plebeios
1289 1695 1420 1754 uocatos

317 1795 349 1852 et
371 1791 410 1852 ad
432 1791 584 1854 tenuioris
609 1791 801 1882 condicionis
824 1814 955 1856 munera
977 1792 1136 1873 relegatos
1152 1777 1242 1868 ¹esse;
1266 1792 1321 1854 sed
1341 1791 1419 1854 ciui·

316 1896 382 1954 tate
406 1913 460 1954 eos
483 1893 625 1973 priuatos
642 1915 720 1971 esse,
736 1916 799 1958 non
815 1894 993 1975 suspicatus
1009 1899 1066 1956 est.
1090 1893 1204 1974 Neque
1219 1894 1322 1956 minus
1339 1892 1419 1956 dilu-

317 1992 388 2054 cida
409 1997 491 2067 sunt,
516 2015 596 2073 quae
618 1994 813 2076 scripserunt
836 1994 946 2058 Cicero
970 2000 1002 2058 et
1024 1995 1143 2059 Liuius.
1177 1995 1288 2058 Liceat
1306 1997 1421 2057 iterum

317 2093 416 2156 uerba
446 2116 555 2157 eorum
582 2095 705 2158 afferre.
750 2095 860 2158 Liuius
883 2097 980 2177 igitur
1002 2097 1048 2160 ita
1069 2097 1272 2176 loquebatur:
1298 2105 1421 2158 ceritum

318 2203 403 2256 creot
431 2203 593 2258 senatores
618 2233 655 2242 -—
680 2231 717 2240 -—
743 2221 799 2274 -,·
821 2205 934 2279 patres
958 2205 1038 2260 certe
1061 2198 1099 2260 ub
1122 2199 1249 2277 bonore,
1269 2200 1422 2280 patricii·

317 2317 375 2378 que
404 2299 575 2380 properares
605 2318 712 2359 eorum
742 2300 908 2380 appellati.
955 2297 1065 2362 Cicero
1089 2298 1168 2362 haec
1190 2297 1343 2360 habebat:
1370 2299 1422 2361 iile

318 2397 447 2458 Borrruli
480 2406 619 2478 serratus,
647 2402 703 2482 qui
730 2399 894 2462 constabat
917 2421 955 2462 ecc
978 2399 1193 2482 optimatibus,
1216 2399 1330 2483 quibus
1354 2401 1423 2482 ipsc

319 2519 375 2560 rec
402 2497 525 2561 tantuin
553 2499 726 2578 tribuisset,
749 2507 784 2562 ut
808 2522 858 2563 cos
876 2508 990 2583 putres
1013 2501 1107 2562 uellet
1130 2501 1295 2562 nominari
1316 2502 1422 2582 putri-

319 2603 442 2684 ciosquc
476 2621 582 2663 corum
617 2601 740 2664 liberos.
785 2601 888 2664 llicne
921 2602 1131 2678 contenditur,
1165 2601 1327 2664 ciuitatem
1350 2624 1421 2664 um-

318 2724 410 2782 quam
435 2724 473 2764 ex
497 2706 622 2765 centum
638 2703 924 2782 patriciis'familiis
942 2703 1142 2778 constitisse?
1175 2702 1266 2778 Quod
1282 2702 1421 2766 Momm-

317 2825 372 2866 sen
396 2805 433 2866 de
458 2805 596 2868 ciuitatis
619 2827 768 2868 romanae
792 2806 915 2886 origine
938 2805 1054 2882 docuit,
1074 2828 1148 2868 num
1165 2805 1235 2868 aliis
1251 2826 1422 2884 argumen-

319 2906 360 2967 tis
390 2905 509 2968 firmari
540 2906 651 2986 possit,
682 2907 765 2969 infra
797 2907 999 2982 examinabo,
1033 2928 1071 2969 ex
1094 2905 1260 2968 annalibus
1283 2906 1422 2986 antiquis

320 3029 382 3069 non
404 3012 511 3087 potest
533 3009 676 3088 exprimi,
701 3009 784 3088 quod
807 3009 874 3072 eius
897 3009 1073 3072 sententiae
1097 3007 1277 3095 adiumento
1301 3007 1352 3070 sit.

420 3107 463 3170 Et
493 3109 639 3188 quoniam
671 3110 878 3172 constitutum
901 3109 1064 3184 babemuS,
1089 3109 1246 3188 quomodo
1269 3107 1422 3188 patricia·

319 3229 388 3270 rum
412 3210 553 3288 gentium
577 3209 730 3289 originem
752 3210 878 3272 finxerit
893 3209 1011 3272 Fabius
1029 3209 1233 3289 (quamquam
1248 3207 1421 3272 uerisimile

321 3312 369 3370 est
392 3329 472 3384 cum,
492 3309 580 3388 ¹quod
602 3315 718 3386 narrat,
743 3333 761 3372 a
782 3310 955 3374 maioribus
977 3309 1159 3390 accepisse),
1177 3310 1421 3384 consideremus,

319 3432 393 3472 num
425 3433 487 3490 qua
521 3411 548 3472 ei
581 3411 659 3474 fides
682 3411 827 3474 habenda
849 3413 891 3475 sit
912 3413 944 3474 in
966 3412 1025 3475 hac
1048 3434 1082 3474 re
1106 3412 1314 3475 diiudicanda.
1362 3409 1422 3474 Sed

320 3511 403 3573 iuter
425 3511 565 3590 diuersas
588 3513 782 3576 narrationis
802 3519 908 3595 partes
932 3513 1188 3593 distinguendum
1211 3517 1268 3576 est.
1310 3511 1421 3593 Appa-

320 3617 368 3674 ret
398 3612 549 3676 nonnulla
572 3614 611 3676 ab
636 3635 672 3676 eo
695 3619 824 3678 narrata
846 3637 924 3690 esse,
948 3616 986 3677 de
1010 3614 1124 3694 quibus
1147 3613 1226 3676 nihil
1249 3615 1316 3694 ipse
1339 3613 1421 3676 iudi-

321 3735 391 3776 care
422 3720 531 3794 posset
563 3737 705 3794 quaeque
739 3738 844 3778 merae
877 3715 1004 3778 tabulae
1039 3719 1152 3778 essent.
1197 3713 1310 3794 Neque
1346 3736 1421 3778 uero

320 3815 360 3876 ob
390 3836 459 3876 eam
487 3837 553 3877 rem
584 3817 685 3878 omnis
709 3817 738 3878 ei
760 3817 837 3880 fides
862 3817 1044 3896 abroganda
1067 3819 1130 3891 est;
1153 3836 1211 3878 nec
1234 3816 1342 3878 statim
1365 3837 1421 3878 ne·

320 3917 466 3995 gundum,
501 3916 592 3980 Fabii
625 3917 841 3982 testimonium
876 3917 994 3997 aliquid
1024 3917 1131 3980 ualere
1165 3917 1204 3978 ad
1237 3938 1273 3979 ea
1305 3917 1421 3980 confir-

321 4017 443 4093 manda,
474 4039 553 4096 quae
581 4019 618 4080 de
642 4017 769 4082 Romuli
791 4020 939 4100 putribus
963 4018 1152 4099 accepimus
1176 4018 1202 4080 si
1224 4017 1270 4079 ita
1293 4039 1421 4098 compa·

319 4121 389 4179 rata
420 4123 502 4192 sunt,
533 4123 568 4180 ut
598 4141 660 4181 non
684 4121 811 4184 omnino
833 4119 1059 4201 probabilitate
1083 4123 1212 4182 careant
1235 4123 1266 4181 et
1288 4118 1329 4181 ob
1353 4139 1422 4180 eam

425 4253 432 4280 ¹
452 4257 490 4302 SR
509 4256 548 4301 III
567 4270 592 4314 p.
613 4259 652 4302 14.
