3004 5066
768 408 927 460 „84-

295 571 370 634 olim
394 571 433 633 ad
455 569 584 634 comitia
606 591 670 633 non
693 570 945 646 admitterentur,
961 569 994 632 in
1008 569 1047 632 iis
1058 572 1282 634 testamentum
1295 568 1406 630 facere

294 695 357 736 non
380 672 490 736 liceret
502 671 521 734 ¹.
566 669 637 734 Hoo
659 693 734 735 uere
757 675 973 752 computatum
989 692 1067 748 esse,
1079 692 1142 734 non
1154 670 1181 734 is
1193 669 1334 750 negabit,
1348 669 1405 749 qui

294 796 352 856 pro
385 778 471 837 certo
502 777 534 836 et
555 772 691 856 probato
713 771 841 848 habeat,
864 776 1056 836 testamenta
1077 771 1169 836 initio
1190 771 1406 852 populiscito-

294 898 363 939 rum
395 874 522 955 aliquod
554 895 653 956 genus
685 873 782 936 fuisse
806 877 838 936 et
859 873 985 954 plebem
1008 873 1176 955 aliquando
1199 873 1407 936 comitiorum

293 998 357 1040 non
379 975 476 1038 fuisse
499 975 696 1056 participem.
741 972 803 1038 Sed
825 977 860 1044 ut
882 974 943 1038 hoc
966 974 1036 1038 loco
1058 974 1161 1057 plebis
1183 978 1307 1038 tantum
1323 995 1406 1037 con·

294 1077 427 1140 dicionis
455 1076 610 1139 rationem
638 1074 872 1152 habeamus,.si
895 1076 965 1156 quis
988 1075 1129 1157 plebeios
1152 1097 1277 1158 semper
1298 1076 1332 1138 in
1356 1075 1405 1138 ci-

293 1178 380 1242 uium
413 1199 544 1241 numero
578 1177 675 1241 fuisse
710 1177 881 1253 existimat,
912 1199 975 1240 non
1007 1176 1047 1240 ob
1075 1199 1142 1240 eam
1167 1199 1235 1240 rem
1257 1177 1286 1240 ei
1308 1177 1406 1240 labo-

292 1279 425 1342 randum
449 1283 507 1353 est,
538 1279 696 1359 quomodo
718 1281 909 1341 testamenta
931 1279 1058 1360 priuata
1080 1284 1151 1342 orta
1172 1283 1271 1361 putet.
1315 1277 1407 1340 Nam

278 1369 332 1442 ¹ad
364 1379 425 1442 hoc
453 1383 717 1444 testamentorum
739 1401 838 1460 genus
862 1380 1020 1461 quomodo
1043 1385 1147 1444 ortum
1171 1380 1212 1444 sit
1235 1379 1406 1442 declaran-

294 1481 377 1556 dum,
404 1480 485 1544 tales
508 1481 601 1561 plane
625 1480 786 1544 sufficiunt
809 1503 932 1558 causae,
956 1480 1081 1562 qualem
1103 1503 1198 1544 unam
1220 1480 1270 1544 his
1293 1480 1406 1544 uerbis

293 1582 426 1662 praebet
449 1580 546 1646 Gaius
569 1580 614 1662 (ΙΙ
638 1580 726 1662 102):
750 1584 806 1666 qni
829 1603 927 1666 neque
950 1583 1065 1645 rotatis
1089 1584 1227 1646 comitiis
1250 1603 1351 1665 neque
1368 1585 1406 1644 in.

289 1686 459 1766 procinctu
483 1690 702 1747 testamentum
723 1683 855 1765 fecerat,
877 1687 904 1746 is
919 1685 948 1746 si
963 1683 1069 1746 subito
1084 1691 1183 1746 morte
1195 1683 1406 1766 nrpuetotur,

293 1787 396 1848 uitrico
418 1785 581 1859 furnillam
604 1806 705 1864 suurn,
735 1785 768 1846 id
791 1791 837 1848 eat
854 1786 1090 1868 patrimonium
1113 1806 1214 1865 suurn,
1237 1787 1405 1868 muricipis

293 1886 399 1966 dietat,
423 1906 553 1969 euinque
576 1885 718 1967 reputat,
742 1886 821 1968 qnid
843 1888 956 1968 cuique
974 1893 1049 1968 post
1071 1893 1199 1948 mortem
1217 1907 1306 1948 snum
1325 1886 1407 1948 dori

292 1988 395 2049 uellet.
434 1986 496 2050 Per
519 2009 552 2050 se
575 1986 774 2067 intelligitur,
798 1987 865 2050 eius
880 1987 1064 2050 testamenti
1078 2008 1284 2068 permagnum
1300 1987 1404 2050 fuisse

293 2088 492 2165 desiderium,
517 2110 579 2168 quo
603 2088 699 2151 etiam
722 2087 751 2150 ei
773 2087 907 2151 facultas
930 2089 1057 2151 daretur
1080 2088 1118 2150 de
1134 2110 1190 2152 sua
1204 2087 1327 2150 familia
1343 2089 1403 2152 de-

293 2189 451 2264 cernendi,
484 2190 538 2270 qui
570 2194 624 2252 aut
647 2189 775 2252 comitia
798 2194 982 2271 exspectare
1005 2210 1068 2252 non
1091 2193 1198 2270 posset
1220 2193 1275 2252 aut
1297 2188 1406 2252 Roma

292 2290 419 2370 longius
442 2291 577 2354 abesset.

393 2389 509 2472 Neque
543 2391 723 2474 nuptiarum
758 2391 856 2472 igitur
888 2413 990 2470 neque
1021 2395 1285 2454 testamentorum
1318 2393 1403 2455 ratio

293 2513 403 2555 eorum
428 2493 507 2556 mihi
529 2491 779 2574 probabiliorem
801 2491 879 2554 facit
901 2492 1101 2569 sententiam,
1126 2491 1178 2572 qui
1202 2492 1332 2573 plebem
1357 2494 1403 2557 ci-

292 2594 391 2657 uitate
415 2594 491 2657 olim
516 2594 654 2657 caruisse
677 2593 870 2675 praedicent.

395 2895 455 2970 Qui
480 2896 711 2977 ei·quaestioni
734 2897 904 2960 soluendae
927 2918 1056 2977 operam
1079 2897 1143 2973 dat,
1166 2919 1228 2977 que
1250 2898 1403 2978 occupati

292 3019 409 3072 sumus
442 3002 474 3060 et
497 2997 662 3077 exquirere
686 2998 801 3076 studet,
824 3020 898 3060 num
921 2997 1048 3079 patricii
1070 3001 1102 3060 et
1124 2997 1241 3078 plebeii
1265 2999 1402 3062 diuersis

292 3098 430 3161 ciuitatis
455 3099 624 3180 generibus
648 3100 697 3162 usi
720 3099 792 3176 sint,
816 3099 845 3162 ei
867 3121 930 3162 non
951 3099 1026 3162 licet
1041 3099 1306 3180 praetermittere,
1325 3101 1403 3181 quid

292 3200 329 3261 de
357 3199 525 3263 clientibus
550 3205 581 3263 et
604 3200 752 3263 clientela
774 3201 948 3280 putandum
971 3200 1021 3262 sit.
1066 3199 1150 3262 Nam
1173 3201 1199 3262 si
1223 3221 1317 3264 omne
1342 3201 1402 3264 cli-

292 3299 414 3362 entelae
438 3323 549 3382 genus,
574 3302 658 3381 quod
681 3301 808 3381 quidem
830 3305 916 3363 recte
939 3302 985 3364 ita
1007 3301 1191 3378 uocabatur,
1207 3302 1299 3364 initio
1316 3302 1403 3364 infra

292 3401 455 3464 ciuitatem
478 3403 618 3484 positum
641 3402 739 3464 fuisse
762 3401 941 3479 statuimus
965 3424 1087 3478 uereor,
1104 3424 1143 3465 ne
1158 3403 1221 3465 iam
1241 3425 1306 3466 non
1321 3426 1400 3484 pos·

290 3502 332 3564 sit
354 3503 474 3584 negari,
498 3502 696 3584 plebeiorum
719 3503 881 3566 ciuitatem
905 3503 1091 3583 posterioris
1115 3503 1228 3566 aetatis
1252 3507 1284 3565 et
1308 3503 1400 3566 dete-

392 3702 588 3784 Quicumque
610 3703 661 3766 uel
683 3703 796 3765 leuiter
819 3704 851 3765 in
872 3704 911 3766 iis
929 3703 1023 3766 rebus
1039 3708 1183 3766 uersatus
1196 3707 1252 3780 est,
1270 3703 1309 3766 de
1327 3705 1399 3784 qui-

291 3803 349 3865 bus
383 3804 516 3884 agimus,
550 3803 773 3885 percognitum
806 3803 912 3878 habet,
947 3804 984 3866 de
1017 3804 1178 3866 clientium
1210 3804 1398 3869 condicione

290 3925 361 3966 cum
389 3903 495 3965 uariae
520 3903 686 3966 doctorum
708 3904 849 3967 uirorum
872 3903 1054 3966 enuntiatae
1077 3904 1141 3967 sint
1163 3903 1341 3985 opiniones,
1365 3907 1398 3969 in

290 4005 366 4066 duas
395 4008 502 4066 tamen
531 4005 646 4068 classes
676 4027 728 4067 eas
757 4005 902 4068 distribui
931 4027 1032 4086 posse.
1078 4005 1198 4069 Eorum
1222 4005 1317 4084 enim,
1344 4009 1398 4088 qui

290 4105 327 4167 de
350 4104 399 4166 his
423 4105 517 4168 rebus
541 4107 744 4186 scripserunt,
768 4106 822 4169 alii
844 4106 947 4187 plebis
971 4107 1039 4170 iura
1062 4129 1100 4170 ex
1124 4107 1290 4171 clientelae
1313 4111 1396 4173 anti-

395 4238 402 4268 ¹
422 4243 461 4289 as
480 4242 520 4287 111
538 4257 563 4302 p.
584 4245 622 4289 rs.
651 4295 655 4302 ,
