3004 5066
697 407 910 484 '—74-

282 614 337 656 zur
367 592 553 675 Befragung
575 595 630 657 der
653 593 774 672 Gener,
798 594 858 656 den
881 594 1040 676 (euspicio,
1064 591 1109 655 sei
1132 613 1165 654 es
1188 613 1257 654 zum
1282 585 1405 669 magi-

283 693 472 758 stratiechen
504 694 628 773 Belehl,
660 696 730 759 dem
763 697 942 778 imperium,
967 693 1098 758 beweist
1121 715 1160 756 an
1183 691 1250 755 sich
1275 690 1404 764 sehon,

283 797 354 860 dass
378 796 427 859 die
450 796 697 880 Entwiekelung
719 798 775 860 der
797 797 892 861 Plebs
915 819 978 861 von
1000 797 1072 859 dem
1095 793 1307 876 mengelnden
1325 789 1404 855 Ge-

283 896 617 980 nreindebdrgerreoht
640 899 784 982 ausgeht,
808 898 875 962 also
898 899 954 962 der
969 897 1122 961 Patriciat
1137 897 1192 960 das
1208 903 1403 977 urspriing-

283 998 366 1062 liehe
389 998 605 1081 Burgerrecht
627 1001 696 1064 ist.“

383 1101 472 1166 Heee
505 1102 603 1166 uerba
637 1103 676 1166 ab
710 1102 765 1166 illo
798 1102 932 1166 Liuiano
966 1101 1036 1166 looo
1067 1100 1204 1182 pendere
1228 1099 1401 1172 uidentur,

284 1225 377 1283 quem
413 1226 508 1286 supra
546 1204 637 1268 attuli
671 1203 713 1283 (X
737 1203 783 1285 8);
822 1226 944 1288 semper
978 1205 1040 1266 isto
1074 1203 1188 1266 eredita
1223 1208 1299 1266 sunt
1334 1221 1401 1262 ea-

285 1305 364 1386 dem,
387 1326 482 1388 penes
506 1328 563 1370 rios
585 1309 734 1392 ‹rrrspioio
758 1327 831 1386 esse,
858 1327 913 1370 rios
935 1305 1018 1370 solos
1037 1311 1160 1388 pentem
1182 1303 1308 1382 babere,
1332 1322 1402 1364 uos

284 1408 368 1469 solos
393 1409 509 1470 iustum
534 1409 704 1491 imperium
728 1415 756 1471 et
779 1410 959 1492 (euspicium
982 1407 1068 1470 dorni
1083 1405 1291 1489 militiaeque.
1327 1401 1399 1466 At-

286 1530 346 1588 que
378 1509 404 1572 si
431 1512 517 1572 reete
548 1509 699 1587 intellexi,
732 1533 794 1591 quo
817 1514 960 1590 spectent
982 1508 1080 1572 uerba
1102 1505 1303 1582 Mommseni,
1327 1505 1398 1567 hoe

286 1608 356 1672 looo
388 1609 513 1673 Liuium
536 1610 648 1674 dooere
680 1615 779 1693 putat,
810 1610 949 1692 euspicio
977 1613 1009 1672 et
1030 1609 1199 1690 imperium
1222 1630 1295 1671 oum
1318 1607 1396 1688 ipso

286 1710 421 1792 patricio
445 1711 598 1793 sanguine
620 1716 685 1776 tam
709 1716 776 1776 arte
800 1711 966 1775 coniuncta
987 1710 1094 1788 fuisse,
1117 1714 1152 1774 ut
1175 1713 1265 1772 extra
1286 1707 1395 1790 patri-

286 1811 405 1875 ciorum
433 1835 597 1878 numerum
625 1836 726 1894 neque
756 1813 812 1876 illa
837 1835 938 1894 neque
960 1811 1021 1876 hoe
1043 1812 1127 1875 tradi
1149 1815 1288 1894 possent,
1313 1809 1395 1890 quin

287 1913 399 1977 ciuitas
433 1919 558 1996 spretae
586 1915 749 1996 religionis
781 1914 905 1997 eulpam
936 1913 1148 1992 contraheret,
1184 1917 1239 1976 out
1272 1912 1393 1976 horum

288 2013 400 2078 saltem
423 2037 493 2078 euni
514 2015 612 2079 fuisse
632 2016 834 2092 sententium
850 2038 907 2080 neo
922 2016 1011 2080 illum
1025 2015 1176 2098 patricios
1192 2014 1393 2096 superiorem
1433 2020 1437 2027 '

287 2116 461 2196 potentiam
477 2117 679 2181 defendentes
694 2118 863 2194 induxisse,
880 2140 972 2198 quarn
988 2117 1049 2198 ipsi
1064 2117 1125 2180 sibi
1141 2121 1318 2198 parassent,
1335 2117 1392 2180 sed

288 2218 325 2280 de
357 2218 424 2280 iure
454 2219 587 2296 locutoS,
615 2221 697 2299 quod
720 2220 753 2282 in
775 2219 844 2301 ipsa
866 2219 1004 2284 ciuitatis
1027 2219 1150 2283 ratione
1174 2241 1210 2283 ao
1233 2242 1335 2302 paene
1359 2219 1392 2281 in

287 2341 392 2382 reruni
409 2324 522 2383 notura
536 2321 674 2402 positum
690 2325 782 2384 esset.
826 2319 910 2384 Nom
926 2321 1018 2384 aliter
1033 2344 1096 2386 non
1113 2321 1206 2385 credo
1223 2320 1279 2384 illo
1291 2321 1391 2384 uerba

289 2421 460 2501 quidquam
491 2421 607 2499 uslere,
640 2444 710 2485 oum
740 2421 938 2502 probandum
967 2422 1017 2500 sit,
1044 2422 1171 2504 plebem
1193 2409 1390 2485 initio‘ciui-

289 2525 355 2585 tate
379 2523 527 2586 caruisse.
561 2521 674 2604 Neque
698 2523 817 2601 dubito,
841 2524 917 2605 quin
939 2523 1049 2588 Liuius
1071 2523 1170 2588 uerba
1192 2546 1249 2588 sue
1271 2523 1318 2587 ite
1340 2523 1390 2585 in-

288 2625 390 2706 telligi
421 2625 567 2689 uoluerit.
611 2625 743 2689 Monent
771 2625 832 2688 alia
861 2648 940 2706 quae
972 2626 1012 2689 ab
1035 2648 1072 2689 eo
1094 2627 1171 2690 fieta
1192 2630 1267 2690 sunt
1289 2626 1390 2707 patri-

289 2727 409 2790 ciorum
444 2727 537 2806 dioto,
571 2732 606 2790 ut
636 2726 732 2790 talem
763 2727 836 2790 huie
867 2727 937 2790 loeo
960 2749 1086 2791 sensum
1108 2728 1296 2792 tribuamus
1342 2725 1391 2790 lta

288 2827 342 2890 lib.
366 2827 413 2891 lV
437 2851 462 2892 e.
487 2831 505 2891 6
528 2829 560 2891 in
583 2829 621 2892 iis
646 2828 900 2892 contentionibus
923 2830 1098 2908 narrandis
1123 2851 1203 2911 quae
1227 2829 1314 2894 circa
1330 2829 1389 2892 Ga·

289 2929 411 2993 nuleies
440 2931 624 3012 rogationes
650 2931 754 2992 foetae
777 2933 859 3007 sunt,
882 2930 961 2993 haee
983 2930 1093 2994 habet:
1118 2932 1285 3014 respondit
1308 2930 1389 3012 (ple-

289 3031 395 3094 beium
429 3031 590 3094 consulem
623 3032 692 3094 fieri
724 3053 788 3095 non
822 3030 992 3113 oportere),
1027 3033 1111 3116 pund
1138 3054 1227 3096 uerno
1249 3033 1390 3117 plebeius

290 3134 439 3213 (inspicio
462 3132 598 3212 baberet,
626 3133 757 3216 ideoque
781 3133 974 3200 decernibus
998 3134 1188 3197 eormrrbiurn
1212 3135 1389 3214 diremisse,

291 3254 329 3294 ne
352 3235 472 3295 incerto
495 3234 585 3316 prole
598 3236 746 3316 crrrspirio
763 3234 976 3298 turbarentur.
1019 3235 1127 3299 Plebes
1144 3236 1187 3298 ud
1204 3237 1238 3298 id
1254 3238 1392 3300 inarime

290 3333 513 3418 indiqnotione
545 3337 676 3412 erursit,
709 3335 792 3418 qnod
819 3337 985 3418 ofrrspieorr'
1014 3343 1176 3420 toroquorn
1199 3338 1305 3401 initiet
1328 3337 1390 3399 diis

270 3435 523 3498 irrrrnortulibrrs
546 3442 740 3518 reparentur
756 3457 860 3518 posse.
905 3435 1011 3518 Atque
1033 3437 1087 3500 lib.
1112 3435 1159 3500 Vl
1181 3460 1249 3520 cap.
1268 3440 1319 3516 41,
1337 3437 1390 3502 ubi

290 3533 413 3616 Appius
436 3535 583 3599 Claudius
607 3541 718 3600 eontra
739 3537 988 3618 legeslrioinias
1008 3536 1133 3602 Sextias
1147 3541 1238 3604 uana
1255 3541 1390 3616 disserit,

291 3635 369 3700 haee
400 3639 508 3714 uerba,
540 3661 738 3701 romanarum
770 3638 994 3720 antiquitatum
1021 3640 1169 3703 studiosis
1192 3643 1390 3724 percognita,

291 3744 472 3803 ooourrunt:
492 3754 591 3822 penes
614 3761 691 3822 quos
716 3740 815 3821 irritor
838 3746 911 3802 suot
934 3742 1082 3823 urrspier'o
1105 3763 1190 3804 ruore
1209 3744 1391 3807 iuniorum?

293 3842 412 3925 Nempe
431 3861 529 3925 penes
547 3848 669 3924 potres.
695 3840 778 3903 Nom
790 3841 932 3925 plebeius
948 3842 1073 3924 quidem
1090 3845 1304 3926 neoptolemus
1321 3845 1392 3908 riul-

291 3945 341 4006 los
372 3944 538 4026 orrspieoto
569 3949 711 4004 orento-r:
742 3942 832 4004 nobis
860 3942 938 4004 odeo
960 3945 1101 4026 propriu
1129 3953 1203 4008 sont
1231 3949 1392 4030 aruspicia,

292 4052 326 4107 nt
349 4065 414 4105 non
438 4044 547 4122 solino,
572 4063 649 4125 quos
664 4043 805 4125 popolus
823 4051 907 4106 erent
921 4046 1077 4126 patricios
1092 4048 1315 4130 irrupistrotos,
1333 4071 1394 4112 non

292 4147 388 4208 aliter
415 4165 510 4226 perun
534 4145 701 4225 urespiooto
725 4151 815 4222 ornet
839 4145 893 4206 sed
915 4166 972 4208 nos
995 4167 1116 4230 quoque
1140 4149 1205 4230 ipsi
1228 4151 1299 4212 sine
1323 4150 1392 4232 suf-

289 4247 398 4330 frupio
428 4244 544 4328 populi
570 4245 736 4327 o'rrspiouto
766 4245 952 4329 interrepere
975 4248 1155 4330 prodemus
1182 4255 1211 4310 et
1229 4251 1392 4332 priuatim
