3018 5052
759 347 915 399 ..3g,-

259 504 398 584 'omnia
423 529 502 589 quae
526 513 796 588 computauerunt.
841 507 961 572 Uerum
984 509 1035 572 hic
1059 531 1194 590 quoque,
1217 511 1244 572 si
1269 511 1408 592 cogita·
1488 537 1489 540 ¹

283 631 362 682 mus,
394 613 499 672 utrum
528 609 597 690 ipsa
620 609 791 690 appellatio
814 611 1016 690 antiquorum
1038 611 1228 692 scriptorum
1251 611 1410 694 opinioni
1481 609 1486 617 ’

283 709 390 772 faueat
421 731 530 784 neone,
559 711 628 790 ipso
647 718 778 793 potrum
803 712 929 774 nomine
951 711 1065 774 horum
1087 713 1278 775 sententiam
1301 733 1410 793 quam
1485 711 1491 746 ·’

284 811 419 874 maxime
452 810 577 874 defendi
606 811 713 873 statim
736 811 768 872 in
792 811 899 874 oculos
923 812 1086 875 incurrit¹.
1131 811 1215 875 Nam
1237 814 1264 876 si
1287 819 1411 894 patres
1483 843 1492 850 -’

285 917 412 975 senatus
435 933 592 993 unapars
616 916 706 974 erant
728 915 760 973 et
783 913 971 976 credendum
994 916 1051 990 est,
1076 935 1129 976 eos
1145 913 1208 976 iam
1224 919 1297 976 ante
1313 913 1409 976 libe-

284 1035 338 1076 rae
361 1012 407 1074 rei
429 1012 575 1094 publicae
597 1016 743 1092 tempora
765 1017 892 1075 senatus
915 1013 1097 1076 muneribus
1113 1035 1170 1077 nec
1186 1015 1409 1096 nonquibus-

286 1114 358 1176 dam
381 1113 450 1176 aliis
473 1113 598 1176 functos
622 1135 700 1189 esse,
724 1134 786 1176 non
802 1113 960 1177 immerito
977 1137 1031 1178 eos
1046 1115 1123 1178 illud
1135 1137 1250 1178 nomen
1263 1117 1409 1198 adeptos
1482 1131 1491 1144 “

287 1220 444 1297 putamus,
474 1219 529 1278 aut
555 1219 685 1296 propter
708 1220 845 1278 aetatem
868 1222 922 1279 aut
944 1221 1074 1298 propter
1097 1238 1190 1280 curae
1213 1217 1407 1280 similitudi·
1485 1221 1496 1259 ⁷3

286 1339 359 1380 nem
386 1315 436 1379 uel
464 1317 558 1378 etiam
582 1316 621 1378 ab
644 1316 764 1378 honore
788 1316 840 1378 uel
863 1317 903 1379 ob
927 1339 1035 1380 omnes
1058 1316 1116 1379 has
1139 1339 1259 1381 causas
1305 1317 1408 1392 Quod
1484 1323 1496 1378 3⁴

288 1419 315 1481 si
346 1439 529 1480 concessum
563 1420 620 1492 est,
652 1439 718 1480 rem
741 1422 773 1479 et
795 1439 909 1480 nornen
931 1422 996 1498 tam
1020 1423 1092 1500 apte
1116 1419 1199 1482 inter
1221 1441 1254 1481 se
1278 1439 1407 1482 conue-

288 1519 366 1594 nire,
397 1539 460 1580 non
491 1518 588 1580 nimia
617 1518 747 1580 audacia
770 1518 976 1594 concluditur,
998 1527 1127 1601 patrum
1151 1519 1407 1600 appellationem
1484 1523 1486 1529 '

286 1619 415 1701 publico
446 1619 493 1681 illi
524 1619 655 1682 consilio
688 1619 727 1682 ab
751 1620 873 1699 origine
895 1620 1055 1701 propriam
1078 1619 1186 1695 fuisse,
1209 1621 1406 1702 praesertim
1487 1639 1496 1656 “

288 1743 358 1784 cum
381 1742 443 1784 non
466 1720 534 1801 pari
557 1720 710 1784 facilitate
733 1720 931 1801 perspicitur,
956 1721 1113 1801 quomodo
1130 1722 1214 1784 ciues
1231 1721 1406 1802 originarii
1489 1732 1497 1769 '⁴

287 1821 339 1884 uel
360 1822 565 1903 patriciarum
588 1821 728 1901 gentium
752 1821 869 1884 alumni
892 1821 946 1883 illo
969 1822 1096 1884 nomine
1112 1821 1285 1902 significari
1302 1827 1404 1902 potu·
1490 1845 1495 1852 ·

289 1923 379 2000 erint,
403 1923 524 2004 quade
547 1944 581 1986 re
604 1922 800 1986 infranobis
824 1923 980 2002 agendum
1004 1923 1072 1985 erit.
1106 1959 1112 1975 ·

388 2022 500 2104 Neque
533 2023 708 2101 defuerunt,
741 2023 794 2103 qui
812 2031 925 2107 potres
948 2023 987 2086 ab
1010 2025 1101 2087 initio
1124 2023 1200 2087 illud
1222 2025 1269 2086 rei
1291 2024 1404 2106 publi·
1488 2035 1496 2042 ’

290 2146 345 2187 cae
380 2125 544 2188 eonsilium
566 2124 664 2188 fuisse
688 2125 906 2200 concederent,
940 2125 1024 2205 quod
1046 2125 1221 2205 posteriore
1244 2129 1403 2206 tempore,
1484 2137 1496 2166 *¹

255 2293 257 2297 ,
290 2247 361 2288 oum
391 2224 507 2306 plebeii
536 2224 679 2288 homines
711 2247 769 2288 neo
798 2229 866 2287 toto
894 2229 1019 2305 patrum
1042 2226 1110 2288 iure
1132 2226 1267 2305 praediti
1291 2247 1403 2288 acces·

290 2327 414 2402 sissent,
449 2348 519 2388 oum
544 2324 594 2388 his
626 2347 743 2388 nouum
773 2325 948 2402 consilium,
977 2331 1121 2388 senatum
1143 2326 1253 2407 populi
1275 2326 1403 2389 romani
1488 2338 1495 2351 ”

226 2507 229 2514 Ι
291 2428 469 2490 conficeret.
513 2425 623 2489 Nihilo
646 2428 749 2489 minus
772 2427 915 2508 plerique
934 2448 1007 2503 non,
1023 2430 1058 2489 ut
1073 2427 1149 2490 fecit
1164 2425 1301 2504 liubino,
1318 2428 1403 2490 hano

291 2529 480 2592 sententiam
502 2528 547 2590 ita
570 2528 709 2590 exsecuti
732 2533 820 2604 sunt.
837 2533 872 2590 ut
894 2528 1045 2609 patricios
1068 2550 1125 2609 pro
1141 2527 1323 2591 hominibus
1341 2551 1402 2591 no·
1490 2537 1495 2578 ’τ

291 2629 408 2694 bilibus
430 2630 594 2706 haberent·
623 2631 676 2711 qui
699 2630 857 2693 senatoria
880 2631 928 2710 (ut
951 2631 989 2693 ad
1013 2630 1234 2710 antiquissima
1256 2636 1403 2712 tempora
1489 2655 1497 2662 ⁴

291 2733 351 2796 hoc
378 2733 567 2797 uocabulum
590 2731 738 2812 referam)
761 2733 916 2796 maiorum
940 2733 1093 2813 dignitate
1116 2732 1280 2813 superiora
1303 2753 1401 2812 quae·
1491 2723 1496 2780 ’ἑ

292 2835 365 2896 dam
397 2834 457 2896 sibi
487 2834 556 2897 iura
584 2833 792 2914 parauissant,
815 2834 870 2896 sed
894 2833 978 2896 ciues
1001 2832 1265 2912 antiquos-solos
1288 2831 1401 2912 plenae
1489 2843 1498 2880 ³

293 2936 431 3000 ciuitatis
462 2958 670 3018 possessores,
703 2958 756 2998 eos
779 2936 875 2998 fuisse
899 2935 1129 3010 existimarunt,
1153 2933 1267 3014 quibus
1290 2938 1401 3014 postea
1490 2945 1497 2980 ⁵*

292 3037 368 3100 noui
391 3038 485 3114 ciues,
508 3038 610 3118 plebis
633 3038 759 3101 nomine
782 3038 893 3114 notati,
911 3040 1154 3118 opponerentur.
1192 3039 1236 3097 At
1252 3035 1400 3114 quoniam
1492 3075 1498 3085 .

292 3161 356 3202 non
378 3143 484 3219 potest
507 3138 635 3219 ambigi,
660 3139 735 3218 quin
753 3140 969 3220 patriciorum
992 3142 1024 3199 et
1043 3144 1176 3220 potrum
1198 3137 1327 3198 nomina
1343 3135 1399 3197 ali-
1491 3173 1497 3184 =

295 3261 357 3319 quo
383 3239 476 3301 modo
504 3240 587 3300 inter
610 3260 642 3300 se
667 3237 857 3300 cohaereant
867 3235 889 3314 2,
912 3237 997 3299 illius
1020 3237 1195 3300 sententiae
1218 3257 1399 3317 propugna-
1493 3261 1495 3273 «

293 3340 415 3403 toribus
449 3339 671 3402 declarandum
702 3343 759 3416 est,
792 3339 948 3418 quomodo
979 3338 1012 3414 ii,
1036 3338 1090 3418 qui
1113 3337 1300 3416 antiquioris
1323 3336 1399 3398 ciui·
1493 3350 1498 3370 ³

294 3441 369 3503 tatis
391 3441 562 3522 participes
586 3445 700 3517 essent,
725 3463 743 3502 a
766 3440 878 3502 ceteris
902 3439 1023 3502 ciuibus
1047 3461 1084 3501 eo
1107 3437 1233 3501 nomine
1251 3436 1400 3518 distingui
1496 3461 1498 3472 ¹

294 3544 466 3623 potuerint,
491 3544 574 3622 quod
596 3566 614 3605 a
637 3548 818 3606 senatorum
834 3541 890 3622 (so.
907 3541 1094 3621 antiquioris
1107 3537 1247 3618 senatus)
1260 3538 1399 3619 appella·

400 3712 408 3740 ¹
427 3716 472 3761 Ofi-
490 3716 659 3761 Ohristeuaen
677 3715 787 3760 Hermes
806 3715 840 3759 IX
860 3717 885 3758 et
903 3713 1048 3758 Mommsen
1067 3713 1140 3758 Rom.
1154 3711 1259 3756 Foraoh.
1273 3710 1286 3754 I
1299 3723 1342 3768 pp.
1354 3711 1399 3754 21ss

296 3814 352 3859 sqq.
378 3794 453 3848 'Uide
471 3813 556 3859 praes.
575 3814 599 3859 p.
619 3799 667 3845 228
687 3812 745 3844 oiim
765 3799 823 3844 adn.

399 3895 409 3924 ‘²
426 3901 550 3946 Huschke
569 3904 657 3960 patres
676 3913 690 3944 a
709 3900 825 3958 patriciis
844 3899 965 3944 diiunxit:
995 3897 1041 3942 Die
1060 3896 1220 3951 Veidsesung
1238 3895 1285 3940 des
1304 3893 1398 3949 Konigs
1490 3910 1494 3943 i

296 3986 402 4032 Seruius
431 3987 541 4031 Tullius.
576 3985 733 4041 Heidelberg
762 3985 824 4030 1838
853 3997 877 4042 p.
903 3985 949 4028 538
976 3982 1033 4027 coll.
1057 3993 1116 4026 cum
1135 3993 1159 4038 p.
1179 3981 1235 4024 404.
1273 3977 1398 4032 cutting:

298 4071 454 4116 Gesohichte
473 4071 518 4114 der
537 4069 684 4114 rdmischen
704 4067 954 4124 Staatsverfaeaung.
986 4065 1060 4110 Haila
1081 4065 1145 4110 1840
1164 4077 1189 4122 p.
1210 4063 1256 4108 153
1271 4062 1398 4121 duplicem

234 4207 237 4214 ,
297 4157 377 4202 uerbo
393 4161 483 4214 potres
502 4155 633 4199 notionem
652 4153 749 4198 tribuit.
