3004 5066
546 389 704 442 -23-

69 574 139 615 cum
172 552 374 632 antiquorum
406 550 598 632 scriptorum
624 551 750 632 placitis
774 557 996 634 congruerent.
1045 551 1128 616 Nam
1151 555 1178 617 si

67 654 99 716 id
121 653 261 729 fecisset,
285 652 436 732 quoniam
459 674 475 714 e
498 651 627 732 publico
651 645 785 718 consilio
807 654 943 735 patricia
958 654 1096 735 dignitas
1108 659 1178 718 orta

65 753 252 836 putabatur,
275 753 523 835 exspectandum
545 757 624 830 erat,
648 758 683 818 nt
706 777 743 818 ea
764 755 810 818 ita
825 754 943 836 plebeii
959 756 1085 836 generis
1100 755 1178 818 uiris

67 859 208 932 daretur,
231 861 267 918 ut
288 855 371 918 inter
393 854 544 936 patrIcios
567 860 730 919 senatores
754 856 977 937 allegerentur.
1019 856 1105 920 Fieri
1119 879 1177 939 po·

66 961 141 1034 test,
165 961 201 1020 ut
223 954 340 1018 Caesar
362 960 507 1018 ueterum
530 955 707 1020 doctrinam
729 956 811 1020 nihil
833 958 961 1022 curarit.
995 956 1057 1021 sed
1071 958 1178 1020 nescio
1258 951 1262 963 ’

67 1081 109 1122 an
138 1057 201 1120 illis
223 1056 331 1120 uerbis
354 1056 469 1136 aliquis
493 1078 582 1119 error
604 1056 717 1120 subsit.
761 1056 843 1122 Sunt
866 1059 950 1122 enim
973 1059 1177 1139 antiquorum

66 1160 260 1241 scriptorum
282 1157 346 1220 loci
369 1162 538 1237 ceteraque
555 1162 770 1233 monumenta,
787 1181 869 1238 quae
885 1181 957 1222 cum
970 1160 1007 1223 de
1019 1159 1176 1241 posterio-

4 1301 6 1304 -
64 1261 156 1324 ribus
167 1259 375 1342 patriciorum
388 1257 579 1322 lectionibus
590 1245 776 1338 loquuntur,
790 1282 983 1340 quamquam
994 1283 1058 1325 nou
1068 1266 1177 1342 aperte

64 1363 276 1444 patriciorum
306 1364 491 1424 senatorum
520 1381 688 1424 numerum
722 1364 851 1424 arictum
875 1361 1047 1439 declarant,
1069 1367 1176 1426 tamen

67 1485 130 1527 non
152 1464 247 1527 modo
270 1484 333 1525 non
355 1460 557 1544 prohibeant,
581 1461 750 1540 quominus
766 1461 798 1524 id
814 1463 865 1543 agi
883 1463 1109 1539 existimemuS,
1122 1465 1176 1527 sed

65 1567 99 1628 ni
120 1564 216 1628 fallor
238 1565 278 1627 ad
299 1563 455 1627 eiusmodi
476 1562 775 1642 interpretationem
797 1563 882 1626 ultro
905 1563 1052 1628 innitent.
1089 1566 1176 1648 Lege

67 1665 179 1730 Cassia
201 1664 329 1728 Caesari
351 1664 537 1728 mandatum
559 1666 617 1739 est,
641 1668 677 1725 ut
698 1664 907 1744 patriciorum
929 1687 1095 1729 numerum
1120 1691 1175 1730 au-

66 1767 189 1848 geret¹.
235 1765 326 1840 Quod
349 1765 388 1828 ab
412 1787 449 1828 eo
471 1764 592 1828 factum
616 1786 685 1828 esse
708 1765 754 1827 ita
777 1769 887 1829 narrat
902 1763 1072 1830 Suetonius
1089 1767 1176 1848 (Diu.

65 1867 151 1948 Aug.
174 1867 243 1947 41);
280 1867 433 1931 Senatum
459 1867 631 1949 suppleuit,
650 1869 813 1948 patricios
835 1867 958 1950 ullepit,
978 1875 1176 1950 praetorum,

65 1969 232 2047 aedilium,
256 1975 469 2052 quaestorum,
492 1969 652 2030 uiuorum
675 1970 771 2029 etium
794 1970 1043 2048 irrupturotuuur
1059 1991 1175 2032 uume-

63 2091 140 2132 rum
170 2071 351 2154 emptiuuz't.
396 2067 485 2132 Haec
517 2068 616 2130 uerba
639 2068 684 2130 ita
707 2069 877 2132 coniuncta
899 2074 982 2145 sunt,
1006 2075 1041 2133 ut
1063 2072 1175 2136 docere

63 2170 245 2246 uideantur,
269 2192 378 2234 eorum
400 2171 543 2233 uirorum
565 2177 733 2232 numerum
746 2173 774 2231 'a
797 2167 932 2233 Caesare
952 2175 1081 2234 auctum
1096 2193 1176 2248 esse,

65 2272 122 2351 qui
145 2271 177 2334 in
200 2294 234 2334 re
256 2271 386 2352 publica
408 2271 548 2352 regenda
573 2270 680 2350 aliquo
706 2292 837 2334 munere
861 2271 1081 2352 fungerentur.
1115 2271 1176 2336 Sed

64 2394 147 2436 uoce
170 2375 309 2456 patricii
331 2373 454 2436 nullum
477 2376 599 2436 certum
621 2393 735 2434 munus
759 2372 1012 2453 significabatur,
1035 2375 1097 2438 nisi
1119 2397 1176 2456 pa-

64 2473 153 2536 tricii
186 2474 353 2537 senatoris.
398 2473 506 2536 Etiam
539 2472 601 2536 Dio
635 2495 698 2536 uno
729 2478 841 2537 tenore
873 2475 911 2537 de
939 2480 1123 2539 senatorum
1146 2482 1177 2539 et

61 2575 274 2657 patriciorum
306 2597 439 2638 numero
473 2579 567 2638 aucto
601 2579 709 2638 narrat
739 2573 858 2654 (XLIII
881 2577 949 2655 47):
984 2579 1035 2637 καὶ
1057 2581 1177 2657 προσέτι

63 2676 262 2759 παμπληθεῖς
292 2679 344 2758 μὲν
368 2673 415 2737 ἐπὶ
437 2679 489 2758 τὴν
511 2678 666 2756 γερουσίαν
693 2714 723 2720 -
756 2715 786 2720 —
815 2674 987 2759 ἐσὲγραψεν,
1015 2716 1045 2722 -
1078 2718 1108 2722 --
1141 2721 1173 2726 -

63 2777 199 2846 πολλοὺς
223 2776 254 2838 δὲ
276 2779 328 2839 καὶ
349 2775 381 2846 ἐς
403 2778 471 2845 τοὺς
494 2774 681 2857 εὐπατρίδας,
708 2777 777 2846 τοὺς
800 2799 831 2837 τε
853 2774 1061 2847 ὑπατευκότας
1083 2777 1103 2862 ἢ
1125 2783 1178 2841 καὶ

64 2876 167 2961 ἀρχήν
197 2899 260 2939 τινα
292 2877 451 2960 ἄρξαντας,
482 2875 684 2955 ἐγκατέλεξεν.
730 2877 853 2952 Quibus
885 2901 956 2942 cum
985 2880 1092 2944 uerbis
1115 2903 1178 2944 non

62 2981 148 3043 bene
171 2980 314 3059 quadrat,
339 2981 424 3060 quod
447 2980 544 3042 etiam
566 2976 734 3041 Octauium
758 2979 842 3042 inter
856 2979 1013 3060 patricios
1030 2981 1180 3044 allectum

62 3081 153 3146 dicit.
198 3079 300 3143 Credo
322 3081 422 3161 igitur
444 3080 623 3156 Caesarem,
639 3101 701 3143 non
717 3080 879 3161 pontificis
896 3071 1029 3146 marinii
1041 3081 1147 3146 officio
1157 3081 1178 3138 a,

62 3181 122 3245 sed
145 3182 289 3245 censorio
313 3204 443 3244 munere
466 3182 704 3262 fungentem—
718 3181 803 3260 quod
826 3181 854 3244 ei
878 3202 953 3270 cum
976 3182 1180 3262 praefectura

61 3305 192 3346 morum
222 3282 363 3346 delatum
394 3281 485 3346 erat³
509 3319 547 3326 -
571 3283 779 3363 patriciorum
807 3304 975 3346 numerum
998 3286 1179 3366 augendum

62 3405 204 3460 curasse,
234 3407 426 3464 quamquam
449 3406 512 3447 non
536 3385 603 3446 sine
626 3383 706 3464 legis
729 3384 818 3446 iussu
841 3384 874 3446 id
895 3383 1003 3447 facere
1026 3387 1177 3466 potuerit,

62 3486 152 3566 quod
173 3485 252 3548 nulli
275 3489 369 3548 antea
390 3485 502 3566 populi
524 3485 648 3548 romani
663 3485 867 3565 magistratui
880 3486 1072 3566 permissum
1085 3494 1178 3552 esset.

62 3585 261 3650 Octauianus
295 3587 366 3667 lege
398 3585 513 3650 Saenia
543 3608 644 3649 nouos
682 3586 835 3666 patricios
871 3586 978 3664 fecit4,
1014 3611 1094 3668 quae
1127 3612 1178 3652 res

61 3687 274 3752 Monumento
310 3687 481 3768 Ancyrano
514 3687 563 3750 his
595 3688 702 3750 uerbis
737 3693 1005 3752 commemoratur
1046 3689 1127 3770 (cap.
1160 3692 1178 3754 8

61 3812 93 3852 v.
121 3788 167 3867 1):
203 3787 424 3852 Potriciorum
457 3811 623 3852 urcruerum
658 3791 738 3852 uuui
770 3790 881 3853 coriaut
913 3792 1059 3874 puuctum
1087 3795 1177 3854 iussu

170 3957 178 3986 ¹
197 3963 258 4007 Tae.
278 3963 343 4007 Ann.
364 3962 399 4006 XI
419 3963 458 4008 25.

169 4039 179 4068 ²
197 4046 262 4091 Uide
281 4045 369 4103 Lange
388 4047 417 4092 R.
438 4046 466 4091 A.
486 4040 540 4091 111³
561 4062 585 4105 p.
606 4049 662 4092 472.

171 4122 246 4173 ³Dio
266 4128 351 4174 XLIII
373 4132 414 4186 143
434 4131 540 4176 Sueten.
560 4131 619 4176 Diu.
639 4131 688 4176 Iul.
709 4133 748 4176 to.

175 4207 185 4237 ⁴
205 4213 266 4258 Tac.
286 4214 302 4258 1.
322 4215 337 4259 l.
