3004 5066
777 395 935 449 -32-

247 531 258 552 κ
303 557 480 635 uoluerunt,
515 562 546 620 et
577 558 753 633 statuimus
782 567 894 642 potres
921 582 937 622 e
960 559 1116 641 principio
1139 558 1258 640 publici
1282 557 1409 621 consilii

303 658 431 739 aliquod
464 680 563 740 genus
595 659 703 734 fuisse,
735 660 856 724 senatui
884 660 1003 724 liberae
1025 661 1072 723 rei
1094 659 1239 740 publicae
1262 659 1341 724 satis
1365 658 1409 721 si-

303 761 386 838 mile,
416 762 500 842 quod
526 764 652 842 praeter
674 783 804 824 munera
826 761 910 826 haud
935 762 1028 826 dubie
1051 761 1210 825 senatoria
1231 783 1290 843 per
1311 761 1410 842 longa

302 867 478 944 temporum
511 862 614 943 spatia
645 862 765 943 aliquas
792 863 872 944 regii
899 863 1025 946 imperii
1046 863 1218 944 particulas
1240 864 1408 937 retineret;

303 969 396 1045 atque
418 964 585 1046 patriciam
607 963 807 1028 nobilitatem
830 986 868 1027 ex
891 964 954 1028 illis
977 965 1118 1046 genitam
1142 986 1220 1028 esse.

402 1065 474 1129 Hoc
495 1065 567 1129 loco
590 1066 666 1129 duas
688 1088 738 1128 res
761 1087 1008 1129 commemorare
1023 1065 1128 1143 liceat,
1144 1087 1224 1146 quae
1236 1087 1300 1128 non
1311 1065 1408 1146 plane

302 1165 364 1230 sint
386 1167 587 1244 omittendae,
611 1188 682 1230 cum
705 1168 743 1230 de
766 1167 986 1247 antiquissima
1000 1168 1207 1249 patriciorum
1220 1167 1409 1231 condicione

301 1273 479 1349 quaeratur.

401 1357 581 1434 Communis
612 1371 718 1450 opinio
745 1376 793 1434 est
814 1371 985 1434 multorum
1009 1375 1041 1434 et
1064 1371 1228 1434 doctorum
1250 1371 1407 1447 uirorum,

301 1492 371 1533 eum
402 1471 595 1535 matrimonii
625 1472 811 1535 conficiendi
833 1473 970 1549 modum,
995 1473 1048 1552 qui
1072 1471 1282 1536 confarreatio
1306 1493 1408 1535 uoca-

300 1570 401 1647 batur,
435 1572 517 1636 inter
552 1573 702 1654 patricios
738 1574 839 1637 solum
873 1575 904 1636 in
938 1595 996 1636 usu
1028 1573 1126 1636 fuisse
1159 1595 1216 1636 nec
1249 1595 1406 1653 umquam

299 1673 431 1754 plebeiis
454 1673 634 1738 hominibus
658 1676 847 1756 permissum
870 1674 970 1740 esse¹.
1015 1674 1198 1752 Uideamusr,
1223 1697 1303 1756 quae
1320 1676 1407 1738 anti·

300 1797 434 1855 quorum
457 1775 646 1857 scriptorum
669 1777 851 1840 testimonia
873 1799 931 1858 pro
953 1778 1009 1840 illa
1031 1777 1189 1841 sententia
1203 1777 1310 1839 afferri
1326 1799 1406 1858 pos-

299 1877 371 1939 sint.
417 1875 512 1939 Gaius
535 1877 581 1938 ita
604 1878 642 1940 de
666 1878 917 1942 confarreatione
940 1879 1080 1959 loquitur
1096 1877 1124 1959 (Ι
1141 1875 1227 1958 112);
1251 1879 1336 1962 quod
1354 1881 1409 1941 ias

298 1979 392 2040 ctiuru
416 1980 535 2041 uostris
557 1979 749 2062 temporibus
772 1982 805 2041 iu
831 2001 890 2043 usu
913 1988 973 2044 est:
997 2003 1070 2044 uara
1091 1981 1240 2061 flamines
1254 1981 1408 2060 maiores,

298 2079 333 2141 id
363 2087 408 2142 cst
441 2079 562 2156 Diales,
594 2079 773 2159 Martiales,
801 2082 996 2160 Quirinales,
1021 2084 1094 2145 item
1116 2103 1204 2164 repes
1226 2103 1408 2163 sacrorum,

297 2182 363 2243 uisi
394 2182 449 2263 qui
480 2200 517 2242 eu
546 2179 705 2259 farreatis
737 2184 807 2244 uati
836 2190 919 2259 sicut,
942 2204 1005 2245 uou
1030 2183 1194 2266 loquutur:
1215 2205 1252 2246 oc
1274 2204 1313 2245 uc
1336 2185 1408 2266 ipsi

297 2281 421 2364 quidem
459 2283 527 2344 siue
565 2282 824 2362 consurrectione
861 2285 1072 2348 sacerdotium
1110 2285 1222 2374 liotore
1254 2293 1405 2367 possunt.

296 2379 408 2462 Neque
441 2381 524 2445 ultra
557 2382 635 2446 haec
669 2389 775 2446 cetera
809 2385 1007 2465 antiquitatis
1041 2384 1245 2449 testimonia²
1280 2386 1403 2466 aliquid

296 2482 422 2545 luminis
447 2484 622 2563 quaestioni
646 2489 773 2548 nostrae
795 2485 942 2552 afferunt.
988 2486 1070 2560 Quid
1093 2490 1223 2568 postea?
1268 2485 1405 2550 Constat

296 2585 334 2648 ad
365 2585 420 2647 illa
451 2585 628 2649 sacerdotia
659 2609 830 2667 numquam
862 2587 1004 2668 plebeios
1031 2589 1117 2652 uiros
1141 2589 1293 2652 admissos
1316 2610 1404 2663 esse;

296 2691 327 2750 et
350 2688 498 2766 quoniam
527 2709 680 2768 nusquam
704 2688 829 2770 plebeio
853 2690 968 2752 marito
990 2712 1070 2753 uxor
1093 2690 1344 2753 confarreatione
1368 2691 1404 2752 in

294 2810 421 2852 manum
454 2788 639 2851 conuenisse
672 2794 819 2853 narratur
853 2795 947 2870 atque
980 2790 1240 2855 confarreationis
1269 2813 1338 2854 mos
1363 2815 1402 2856 eo

294 2895 444 2970 tempore,
477 2890 564 2953 cuius
595 2913 645 2953 res
678 2892 845 2955 admodum
869 2892 1086 2973 cognouimm,
1110 2894 1211 2974 magis
1233 2894 1401 2975 magisque

294 2991 325 3052 in
357 2991 593 3055 desuetudinem
628 2993 731 3056 abisse
764 2993 897 3069 uidetur,
925 2997 960 3056 ut
983 2991 1103 3055 Tiberii
1126 2994 1322 3074 temporibus
1344 2995 1402 3058 nix

294 3097 377 3154 esset
400 3093 492 3173 copia
514 3115 633 3170 eorum,
661 3094 715 3173 qui
737 3094 886 3158 flamonia
908 3093 1047 3156 maxima
1069 3094 1212 3157 obtinere
1234 3101 1367 3176 possent
1379 3096 1400 3173 ³,

293 3214 357 3254 non
384 3215 417 3255 se
440 3194 537 3256 nimia
560 3195 691 3256 audacia
714 3216 808 3274 agere
832 3195 1031 3272 crediderint,
1055 3195 1082 3257 si
1104 3195 1192 3258 illum
1215 3197 1401 3276 nuptiarum

294 3293 577 3356 contrahendarum
601 3295 729 3358 modum
744 3295 886 3375 patriciis
902 3300 1111 3374 reseruarent,
1128 3318 1197 3360 cum
1210 3299 1401 3378 praesertim

293 3393 513 3472 confarreatio,
537 3418 632 3476 quam
653 3396 803 3477 pontifice
826 3397 964 3459 maximo
988 3401 1019 3458 et
1041 3395 1127 3459 Diali
1154 3398 1281 3461 flamine
1302 3423 1399 3481 prae-

291 3495 432 3559 sentibus
454 3497 524 3559 fieri
542 3502 707 3578 oporteret
717 3496 739 3575 4,
762 3499 795 3560 in
817 3498 948 3579 uulgato
970 3520 1029 3560 usu
1053 3519 1121 3562 esse
1143 3522 1205 3562 non
1228 3502 1396 3581 potuisset.

292 3595 379 3658 Haec
413 3619 604 3678 quamquam
638 3599 714 3662 satis
748 3599 882 3662 multum
913 3599 1062 3679 ponderis
1091 3599 1208 3664 habere
1235 3602 1396 3681 uidentur,

393 3765 401 3794 ¹
420 3771 566 3816 Mommsen
585 3771 623 3816 SR
642 3771 682 3816 III
700 3786 724 3830 p.
747 3774 784 3818 79.
816 3772 906 3818 Soltau
926 3773 941 3817 l.
961 3773 976 3816 l.
996 3787 1019 3832 p.
1041 3777 1097 3820 650.
1126 3774 1259 3822 Bernhcaft
1277 3775 1293 3820 l.
1312 3776 1328 3822 l.
1349 3790 1393 3836 pp.

293 3857 339 3902 185
359 3869 414 3913 sqq.

393 3933 402 3963 ²
422 3939 492 3992 Quae
520 3941 613 3985 collata
637 3945 697 3986 snut
717 3941 803 3998 Lange
822 3943 838 3988 l.
858 3943 873 3987 1.
893 3935 919 3986 1³
937 3957 962 4001 p.
983 3945 1029 3990 116
1050 3945 1107 3989 adn.
1130 3947 1141 3989 1
1162 3949 1187 3990 et
1207 3945 1394 3990 Huschkianao

290 4021 339 4068 Gai
358 4023 478 4068 editionis
499 4025 556 4070 adn.
576 4025 637 4070 adI
660 4026 715 4071 112.

392 4101 479 4152 3’,[ἐιο,
499 4108 563 4154 Ann.
585 4108 676 4154 Iuro.

390 4185 400 4215 ⁴
418 4191 489 4237 Seru.
510 4205 602 4238 comm.
622 4194 647 4238 in
665 4195 732 4251 Vir-g.
753 4195 846 4254 Georg.
866 4197 937 4243 131.
