3004 5066
814 386 962 440 -62-

344 551 402 610 est.
446 545 581 612 Ueteres
605 551 709 611 autem
732 545 829 628 uulgo
852 547 1060 624 existimasse,
1083 546 1210 628 plebem
1232 547 1294 610 ium
1309 548 1345 611 ab
1358 550 1437 614 urbis
1487 617 1489 630 ,

343 648 542 714 incunabulis
574 648 707 712 liberam
738 648 835 712 fuisse
863 653 895 712 et
921 649 1050 713 ciuitate
1073 671 1161 712 usam
1185 671 1264 726 esse,
1287 672 1371 731 spero
1390 675 1437 714 me

343 749 419 814 satis
457 749 641 812 ostendisse.
697 748 740 812 Et
777 749 926 830 quoniam
959 771 1056 831 supra
1088 749 1234 826 uidimus,
1268 748 1438 814 Ciceronem

342 854 449 931 patres
482 872 500 912 a
532 853 637 914 cetero
668 849 786 932 populo
818 855 1002 932 segregatos
1025 850 1148 928 fecisse,
1172 855 1207 914 ut
1229 852 1297 932 regi
1318 852 1349 914 in
1369 875 1437 915 con-

343 951 413 1015 silio
448 955 563 1028 essent,
597 955 686 1014 tanto
720 951 822 1014 minus
855 951 930 1015 licet
961 973 1132 1029 assumere,
1165 975 1246 1030 eum,
1279 975 1348 1016 cum
1367 953 1438 1016 haec

342 1053 508 1116 scriberet:
533 1074 666 1138 quorum
690 1055 848 1115 titulorum
871 1074 959 1116 neruo
982 1055 1165 1117 seruitutem
1187 1057 1334 1135 seruiuit,
1349 1057 1438 1118 audiri

341 1153 490 1231 uoluisse,
522 1153 648 1236 plebem
679 1154 782 1236 primo
810 1158 900 1217 extra
921 1154 1099 1235 gentilicias
1123 1155 1292 1220 societates
1314 1157 1438 1238 positam

340 1255 447 1319 fuisse.
499 1254 602 1330 Quare
635 1256 838 1319 statuendum
871 1277 994 1333 censeo,
1029 1254 1200 1320 Scaeuolae
1235 1257 1438 1321 definitionem

340 1378 404 1419 non
437 1355 540 1419 minus
574 1355 606 1418 in
639 1355 741 1436 plebe,
776 1361 807 1418 et
838 1357 870 1418 in
901 1361 971 1420 tota
1000 1357 1103 1438 plebe,
1136 1380 1231 1438 quam
1253 1359 1286 1420 in
1309 1359 1437 1440 patriciis

340 1456 489 1537 gentibus
519 1455 666 1519 ualuisse.
704 1455 827 1536 Neque,
850 1461 885 1520 ut
906 1456 1084 1521 Mommsen
1118 1479 1186 1520 eam
1213 1458 1438 1540 interpretatur,
1482 1451 1483 1455 ¹

340 1557 417 1620 satis
448 1557 617 1638 perspicio,
649 1558 807 1637 quomodo
838 1581 905 1620 eam
934 1581 998 1622 non
1020 1579 1164 1625 mancam
1189 1564 1221 1622 et
1243 1561 1437 1642 spernendam

339 1658 471 1734 iudicet;
496 1679 566 1722 cum
589 1655 744 1722 Scaeuola
772 1658 843 1721 illas
866 1658 1006 1740 plebeias
1029 1663 1147 1743 stirpes
1169 1682 1232 1724 non
1256 1667 1353 1738 curet,
1368 1684 1436 1741 quo-

338 1781 408 1822 rum
431 1760 484 1840 qui
508 1764 671 1823 consortes
694 1759 822 1837 fuerint,
845 1761 898 1824 uix
921 1760 983 1824 alia
1006 1783 1100 1841 quam
1123 1761 1289 1843 gentilium
1310 1763 1435 1844 appella-

339 1862 427 1924 tione
450 1861 622 1943 significari
645 1862 816 1942 potuerint.

438 1961 588 2026 Nondum
604 1963 711 2025 omnia
726 1963 918 2040 enumeraui,
935 1985 1016 2043 quae
1032 1964 1216 2029 testimonio
1233 1987 1301 2028 esse
1317 1966 1434 2028 uidean-

337 2067 398 2140 tur,
420 2063 562 2144 plebeias
584 2063 721 2126 familias
737 2063 903 2145 gentilium
920 2065 1094 2128 commodis
1110 2065 1209 2129 libere
1222 2065 1284 2130 frui
1296 2068 1434 2148 potuisse.

338 2165 440 2246 Leges
474 2166 640 2229 duodecim
667 2166 847 2230 tabularum
874 2166 919 2229 ita
946 2167 984 2230 de
1015 2166 1187 2248 gentilibus
1209 2167 1387 2249 loquuntur,
1408 2173 1435 2231 ut

338 2266 424 2329 nulla
440 2288 534 2330 causa
550 2267 601 2343 sit,
619 2288 673 2330 cur
689 2267 852 2348 gentilicia
863 2268 933 2330 iura
948 2268 1032 2331 intra
1044 2268 1122 2332 fines
1135 2273 1201 2332 tam
1213 2275 1299 2332 artos
1312 2270 1435 2334 ualuisse

338 2371 496 2448 putemus,
520 2388 614 2446 quam
636 2389 718 2430 nunc
741 2368 837 2448 uulgo
863 2368 1065 2431 contendunt.
1108 2369 1158 2431 Ex
1171 2369 1209 2432 iis
1223 2371 1433 2452 earumlegum

337 2466 490 2547 reliquiis,
515 2489 594 2547 quae
617 2469 656 2530 ad
678 2468 761 2531 hanc
785 2473 922 2532 aetatem
945 2473 1090 2532 seruatae
1106 2473 1189 2546 sunt,
1204 2470 1238 2533 hi
1250 2494 1359 2535 uersus
1370 2471 1435 2534 talia

337 2569 407 2631 iura
430 2568 594 2631 exhibent:
622 2569 658 2632 Si
681 2572 850 2634 intestatus
873 2575 1018 2651 utoritur,
1036 2573 1088 2633 cui
1103 2573 1283 2635 suluberes
1296 2595 1349 2636 uec
1361 2575 1433 2648 escit,

337 2677 475 2751 (epirotas
502 2672 673 2754 proclinus
703 2671 866 2752 furnilium
895 2672 1013 2735 boleto.
1063 2673 1098 2736 Si
1122 2681 1260 2757 aquatus
1283 2695 1338 2737 uec
1361 2677 1433 2752 escit,

335 2772 469 2853 pactiles
490 2772 654 2851 fornillum
676 2773 826 2848 luteum,
847 2777 879 2835 et
893 2773 958 2835 hic:
984 2775 1020 2837 st
1034 2774 1182 2855 furiosus
1196 2779 1281 2856 escit,
1295 2784 1433 2859 opitulum

335 2873 564 2956 gentiliumque
595 2875 630 2936 iu
660 2895 693 2934 eo
711 2875 912 2956 pecu-uiaque
935 2875 1003 2936 eius
1021 2883 1164 2958 potestus
1188 2885 1261 2940 este.
1307 2877 1433 2951 Quorum

336 2997 483 3039 uersuum
506 2975 665 3056 posterior
687 2979 819 3055 agnatos
836 2979 868 3037 et
883 2975 1018 3055 gentiles
1034 2978 1079 3040 ita
1091 2979 1263 3059 coniungit,
1277 2983 1312 3042 ut
1324 2998 1432 3042 summo

336 3077 404 3138 iure
434 3080 572 3139 statuere
601 3075 773 3149 uideamur,
797 3097 1051 3156 unumquemque
1076 3079 1178 3141 ciuem
1199 3101 1256 3159 per
1278 3080 1334 3143 has
1357 3080 1432 3160 leges

337 3181 371 3238 ut
395 3181 527 3256 agnatos
550 3177 595 3238 ita
617 3175 752 3256 gentiles
774 3175 893 3239 habere
909 3177 1059 3257 potuisse.
1094 3177 1215 3242 Eodem
1227 3181 1321 3244 modo
1334 3179 1431 3243 Cicero

337 3299 391 3339 eos
422 3277 595 3357 coniungit,
629 3298 699 3339 cum
727 3277 849 3357 priores
873 3299 983 3342 uersus
1006 3283 1232 3342 commemorat
1254 3279 1303 3343 De
1325 3282 1430 3344 irruent.

336 3375 443 3440 1150:
482 3377 518 3440 Si
544 3384 640 3460 peter
670 3377 819 3456 facicilius
849 3381 998 3442 iutestote
1027 3382 1174 3457 inuritur,
1196 3380 1327 3459 familia
1347 3401 1429 3465 pecu

336 3482 453 3562 rituque
475 3482 543 3541 eius
565 3486 717 3562 aquatum
739 3481 967 3564 pestilitasque
990 3488 1063 3544 esto.

437 3579 498 3643 Sed
521 3581 548 3643 si
570 3580 657 3661 leges
674 3582 839 3645 duodecim
856 3581 1046 3660 tabularum,
1062 3582 1281 3663 obloquuntur
1293 3585 1427 3653 breuiter,

336 3681 473 3762 aliquam
503 3681 733 3745 dubitationem
763 3682 958 3763 reliquerint,
985 3688 1107 3746 restant
1138 3685 1330 3763 testimonia,
1362 3701 1427 3765 quae

334 3782 422 3867 illam
460 3782 656 3862 aliquantum
696 3783 849 3846 minuant.
895 3782 974 3846 Sunt
1011 3784 1094 3846 enim
1128 3784 1199 3860 loci,
1233 3787 1287 3850 ubi
1322 3780 1426 3863 antiqui

335 3884 506 3964 scriptores
537 3884 654 3947 talibus
686 3885 792 3948 uerbis
821 3884 947 3948 illarum
968 3885 1076 3966 legum
1098 3887 1290 3950 mentionem
1314 3887 1425 3955 faciant,

335 3982 481 4063 qualibus
512 3985 566 4046 uix
596 3985 645 4047 usi
677 3990 792 4062 essent,
819 3985 881 4048 nisi
904 3987 1041 4050 cuiusuis
1065 3987 1183 4051 ordinis
1206 3988 1284 4052 ciuis
1308 3985 1425 4070 gentiles

335 4083 452 4145 habere
485 4084 642 4164 potuisset
668 4127 700 4132 --
727 4085 820 4148 modo
851 4085 953 4150 libero
984 4087 1083 4168 stirpe
1114 4092 1206 4151 natus
1234 4095 1318 4152 esset
1339 4101 1424 4164 neque

335 4183 438 4263 eapite
462 4189 546 4247 esset
569 4184 758 4262 deminutus
781 4191 816 4250 ut
838 4188 1001 4269 praecepit
1024 4185 1185 4250 Scaeuola.
