3004 5066
575 414 713 466 „3-

87 578 173 640 trina
204 582 236 640 et
267 576 409 640 acumine
438 577 516 640 adeo
540 577 666 638 firmata
688 581 737 638 est
758 573 928 638 Niebuhrii
951 576 1118 650 sententia,
1142 599 1203 656 qua

87 679 240 760 patricios
263 679 367 759 ipsum
388 677 498 758 populi
521 678 644 748 romani
666 677 787 740 fontem
811 683 906 758 atque
929 678 1085 758 originem
1104 677 1201 740 tuisse

85 781 250 863 professus
273 783 332 855 est,
355 784 390 842 ut
406 817 445 826 -
462 779 556 842 credo
573 813 612 822 ——
627 779 772 860 plerique
794 801 833 842 ne
856 779 888 842 id
904 779 1032 859 quidem
1048 779 1201 842 concede-

85 888 169 958 rent,
198 882 235 966 de
259 880 319 944 hac
341 902 375 942 re
399 880 533 961 amplius
558 879 696 943 dubitari
718 901 821 959 posse.
867 878 929 943 Sed
953 902 1023 944 cum
1047 885 1119 943 ante
1142 880 1201 942 ali-

87 988 167 1064 quot
190 1004 287 1046 annos
310 981 364 1044 W.
388 979 499 1045 Scltau
522 982 559 1044 de
584 981 720 1044 comitiis
743 981 853 1062 populi
875 983 998 1046 romani
1014 981 1168 1045 scriberet
1182 981 1202 1056 ¹,

89 1107 153 1165 qua
185 1083 350 1147 occasione
382 1083 479 1146 etiam
509 1082 591 1145 hanc
622 1087 764 1146 nostram
790 1083 1009 1162 quaestionem
1032 1082 1092 1146 sibi
1115 1087 1200 1145 trac·

89 1186 216 1248 tendam
240 1185 445 1260 existimauit,
469 1205 549 1264 quae
573 1184 801 1264 antiquissimis
823 1184 1020 1265 temporibus
1043 1185 1126 1246 inter
1143 1206 1200 1264 pa·

88 1287 200 1350 tricies
229 1291 261 1349 et
286 1286 414 1367 plebem
435 1287 517 1349 ratio
540 1285 782 1362 intercessisset,
806 1285 886 1348 nihil
908 1307 941 1348 se
964 1287 1122 1348 inuenisse
1145 1285 1200 1348 de-

92 1388 234 1462 clarauit,
267 1409 322 1450 cur
354 1387 534 1450 necessario
567 1388 742 1468 putandum
773 1392 867 1464 esset,
898 1387 1049 1468 patricios
1076 1391 1200 1450 ueteres
1232 1409 1238 1424 ⁴

91 1490 176 1552 ciues
209 1489 316 1564 fuisse,
351 1488 390 1550 ad
423 1509 502 1567 quos
535 1492 648 1569 postea
678 1487 753 1551 noui
785 1487 870 1550 ciues
899 1492 930 1550 et
953 1487 1110 1550 deteriore
1132 1487 1200 1549 iure

87 1591 223 1671 praediti
257 1590 474 1653 accessissent.
518 1589 599 1652 Eam
631 1591 849 1670 quaestionem
880 1590 941 1652 iam
970 1589 1072 1670 prima
1095 1585 1199 1668 operi's

21 1724 26 1731 ·
86 1691 137 1753 sui
170 1696 261 1771 parte
294 1691 407 1771 tangit,
442 1690 496 1753 ubi
528 1691 565 1754 de
598 1691 734 1754 comitiis
758 1691 886 1754 curiatis
910 1691 985 1772 agit.
1032 1689 1200 1764 Quaeritur

89 1793 183 1868 enim,
207 1791 326 1855 haecne
348 1792 474 1872 patricii
497 1813 648 1872 umquam
671 1793 800 1855 comitia
823 1796 858 1854 ut
873 1791 1199 1872 suaetpropriapos·

87 1894 239 1969 sederint,
273 1893 441 1957 clientibus
473 1898 505 1956 et
535 1893 669 1974 plebeiis
700 1893 880 1957 hominibus
904 1893 1049 1956 exclusis
1093 1893 1199 1971 Atque

86 1999 196 2057 monet
226 1992 347 2070 Soltan,
374 1994 493 2058 nullum
518 1995 682 2075 antiquum
705 1995 892 2076 scriptorem
915 1993 1059 2057 homines
1081 1992 1199 2073 plebeii

88 2095 216 2176 generis
240 2096 280 2157 ab
303 2096 341 2158 iis
365 2096 501 2158 comitiis
524 2118 674 2176 umquam
697 2095 876 2176 prohibitos
898 2097 1003 2158 facere
1025 2099 1199 2174 posteaque

88 2197 118 2258 in
154 2217 192 2258 ea
226 2196 393 2270 admissos3
426 2201 538 2259 contra
564 2195 719 2277 Dionysii,
742 2196 836 2272 Liuii,
861 2194 1021 2259 Ciceronis
1044 2195 1202 2258 sententia

86 2296 215 2379 plebem
241 2297 305 2358 iam
328 2297 367 2359 ab
390 2297 589 2360 incunabulis
612 2298 750 2361 ciuitatis
772 2297 822 2360 his
846 2297 981 2361 comitiis
1004 2296 1200 2370 interfuisse3

86 2419 146 2460 nec
169 2419 226 2460 nos
249 2397 310 2460 uisi
333 2398 529 2478 grauissimis
552 2399 728 2462 rationibus
752 2400 902 2462 adductos
926 2419 995 2460 eam
1018 2397 1199 2477 opinionem

87 2500 234 2562 deserere
258 2499 383 2573 debere,
408 2513 501 2580 quam
523 2505 644 2564 tutetur
660 2501 862 2581 antiquorum
876 2499 1006 2562 testium
1019 2521 1200 2562 consensus

88 2599 174 2673 Quas
204 2600 343 2663 rationes
372 2623 442 2664 cum
466 2601 689 2682 circumspicit,
712 2624 866 2682 nusquam
888 2601 984 2664 uidet.
1029 2599 1102 2663 Non
1125 2621 1202 2681 pos·

88 2723 159 2764 sum
195 2702 301 2764 omnia
333 2701 385 2764 hic
418 2703 575 2784 persequi,
610 2725 689 2782 quae
723 2704 761 2766 ad
793 2725 862 2765 eam
891 2724 958 2764 rem
980 2702 1198 2764 illustrandam

90 2802 184 2865 affert
217 2800 337 2880 Soltau,
373 2806 427 2868 sed
458 2806 550 2867 credo
578 2805 746 2885 plerosque
770 2805 798 2868 ei
821 2825 1034 2877 concessuros,
1058 2803 1111 2865 uix
1134 2808 1198 2864 tam

91 2904 308 2967 consentiente
337 2910 425 2968 motu
451 2907 537 2968 uiros
561 2906 759 2970 doctissimos
782 2927 815 2968 se
839 2906 877 2966 ad
901 2904 988 2966 illam
1010 2904 1199 2966 sententiam

90 3004 262 3068 collaturos
292 3006 389 3070 fuisse
417 3000 563 3070 nec'tam
586 3007 702 3069 acriter
723 3011 904 3086 negaturos,
927 3005 1052 3085 plebem
1074 3004 1200 3067 illorum

90 3105 292 3170 comitiorum
315 3107 503 3188 participem
525 3108 633 3180 fuisse,
656 3107 717 3170 nisi
740 3106 861 3170 duobus
885 3106 1078 3187 argumentis
1094 3108 1199 3168 essent

92 3208 252 3283 commoti,
276 3208 389 3288 quibus
406 3214 499 3272 antea
514 3209 647 3272 multum
661 3207 859 3271 auctoritatis
870 3207 1078 3270 tribuebatur.
1108 3206 1201 3270 Multi

91 3308 176 3370 enim
210 3313 242 3371 et
275 3309 449 3372 doctissimi
480 3310 541 3372 uiri
568 3314 729 3390 putarunt,
753 3331 807 3372 eos
825 3317 947 3392 potres,
971 3330 1102 3389 quorum
1127 3329 1200 3370 auc-

89 3409 222 3471 toritate
255 3410 342 3490 leges
373 3415 461 3472 ratae
492 3417 591 3486 erant,
615 3431 811 3491 quorumque
835 3431 851 3472 e
874 3433 1004 3474 numero
1027 3411 1201 3490 interreges

89 3509 317 3592 prodebantur,
342 3512 474 3574 eundem
498 3516 622 3574 coetum
645 3511 753 3586 fuisse,
778 3512 832 3591 qui
848 3511 925 3574 alias
942 3511 1070 3574 comitia
1082 3511 1185 3598 curiat

90 3611 279 3693 appellatur.
318 3611 397 3674 Tum
422 3613 518 3676 etiam
541 3613 650 3692 quaeri
673 3612 806 3688 solebat,
831 3634 910 3692 quae
934 3634 1028 3675 causa
1043 3609 1108 3674 Ser.
1126 3610 1200 3674 Tul-

1 3719 3 3726 ’
89 3713 169 3776 lium
205 3714 244 3776 ad
278 3714 406 3777 comitia
437 3715 614 3777 centuriata
645 3714 839 3777 instituenda
860 3713 956 3776 fuerit
978 3714 1118 3788 ductura,
1142 3714 1202 3776 nisi

91 3814 222 3876 curiatis
246 3814 364 3878 exclusi
388 3820 493 3880 essent
514 3815 632 3896 plebeii
655 3815 809 3878 homines.
848 3813 934 3888 Quae
950 3813 1104 3876 dubitatio
1120 3836 1202 3877 nunc

91 3915 207 3996 opinor
237 3937 300 3978 non
330 3917 462 3980 multum
485 3916 580 3979 ualet.
625 3914 709 3980 Nam
733 3916 862 3980 comitia
884 3915 1004 3978 curiata
1027 3915 1101 3994 quid
1124 3915 1200 3978 iuris

91 4016 302 4090 exercuerint,
325 4018 492 4081 nescimus.
538 4017 619 4081 Tum
642 4022 668 4082 si
690 4018 729 4080 iis
753 4017 889 4080 comitiis
904 4016 1030 4098 patricii
1042 4021 1073 4078 et
1085 4016 1201 4097 plebeii

199 4150 259 4201 ¹W.
283 4155 384 4202 Soltau:
413 4156 497 4202 Ueber
524 4156 690 4214 Entstehnng
716 4157 769 4202 und
797 4156 1064 4210 Znsammensetzung
1088 4156 1134 4199 der
1154 4156 1201 4199 alt-

91 4239 241 4284 rfimischen
260 4239 576 4297 Volksversammlungen.
614 4241 699 4286 Berlin
722 4242 795 4286 1880.
