3004 5066
614 429 771 480 ,13ἡ

132 612 262 671 quoque
289 611 357 652 rem
384 612 641 666 commemorare,
674 613 753 670 quae
786 611 856 654 cum
879 591 996 653 iniuria
1019 590 1137 654 sabinis
1159 591 1248 654 illata

132 691 294 755 cohaeret.
339 689 458 754 Narrat
480 691 653 772 Dionysius
677 691 798 755 duobus
821 692 923 754 modis
948 691 1101 774 Tarpeiae
1117 693 1247 756 exitium

131 793 307 856 memoriae
338 793 497 873 proditum
530 793 635 868 esse¹3
660 794 760 856 docet
791 793 876 856 enim
906 793 942 856 L.
975 793 1089 857 Pisone
1118 797 1247 856 auctore

131 893 305 974 Tarpeiam
338 893 469 956 insidias
504 897 614 956 contra
647 894 775 956 sabinos
807 916 937 974 parasse
967 899 998 957 et
1030 895 1069 956 ab
1092 894 1155 957 illis
1178 915 1246 957 esse

130 1001 290 1072 necatam,
315 1016 385 1058 cum
408 994 498 1058 dolus
522 996 588 1058 eius
611 995 789 1076 patefactus
813 1000 911 1070 esset3
934 995 1069 1059 Fabium
1092 1001 1197 1058 autem
1216 1000 1247 1058 et

134 1096 280 1159 Cincium
311 1096 403 1158 aliter
433 1117 498 1158 rem
531 1097 720 1173 narrauisse,
749 1101 783 1159 ut
805 1097 942 1177 puellam
966 1119 1039 1160 suos
1061 1096 1247 1179 prodentem

131 1199 286 1262 tacerent.
331 1195 407 1261 Non
434 1203 540 1278 potest
563 1198 711 1274 dubitari,
735 1204 806 1261 utra
829 1199 990 1278 antiquior
1012 1199 1108 1262 tuerit
1129 1197 1245 1261 fabula.

131 1300 246 1362 Liuius
277 1298 411 1361 Fabium
443 1287 569 1361 secutus
601 1304 661 1374 est;
692 1305 886 1380 cognouerat
908 1301 941 1362 id
964 1321 1098 1381 quoque,
1122 1299 1247 1379 quoda

135 1401 253 1464 Pisone
282 1401 434 1463 traditum
466 1405 543 1476 erat,
576 1401 629 1463 sed
658 1400 707 1463 his
730 1401 832 1464 solum
855 1401 961 1464 uerbis
985 1401 1114 1464 alterius
1136 1421 1246 1462 narra·

135 1503 233 1565 tionis
271 1503 464 1565 mentionem
500 1502 588 1578 facit,
625 1507 795 1582 postquam
829 1501 984 1583 Tarpeiae
1017 1525 1068 1565 res
1102 1503 1247 1583 exposuit

134 1602 164 1683 (I
190 1603 255 1684 ll):
288 1611 363 1666 auat
387 1606 442 1687 qui
474 1625 541 1666 eom
572 1625 609 1665 ec
632 1611 729 1686 pacto
753 1603 915 1683 tradendi,
939 1605 1023 1687 quod
1045 1606 1081 1666 ia
1103 1605 1247 1666 sinistris

131 1705 282 1768 monitae
307 1712 393 1785 essct,
419 1705 538 1766 directo
562 1726 654 1766 urina
673 1706 793 1787 petisse
816 1705 928 1767 dicuat
952 1713 980 1768 et
1001 1705 1120 1785 troada
1142 1707 1245 1768 uisom

131 1827 229 1890 opere
251 1828 311 1869 suo
334 1809 439 1888 ipsura
457 1813 657 1888 peremptam
680 1807 829 1868 mercede.
867 1806 973 1886 Atque
997 1807 1080 1886 quod
1101 1806 1246 1868 hocloco

131 1899 269 1970 Fabium
302 1909 412 1970 ducem
444 1911 569 1970 secutus
602 1913 659 1984 est,
687 1911 819 1988 propter
841 1909 1039 1971 notissimam
1061 1907 1145 1970 Liuii
1167 1909 1245 1970 scri-

131 2009 228 2072 bendi
261 2010 521 2073 consuetudinem
553 2010 724 2072 verisimile
753 2015 810 2086 est,
836 2011 931 2072 etiam
956 2033 1001 2088 ea,
1025 2031 1105 2090 quae
1128 2009 1166 2071 de
1188 2031 1244 2089 pa-

130 2111 299 2174 triciorum
322 2113 444 2192 origine
467 2116 586 2187 narrat,
611 2113 692 2192 apud
716 2111 851 2175 Fabium
867 2135 938 2174 eum
953 2113 1121 2175 inuenisse.
1158 2110 1247 2175 Solet

132 2213 218 2274 enim
250 2235 307 2293 per
337 2213 433 2294 longa
462 2213 567 2294 operis
590 2213 638 2276 sui
662 2213 765 2294 spatia
788 2214 928 2276 eiusdem
951 2214 1088 2276 auctoris
1110 2213 1247 2294 uestigia

129 2335 287 2394 premere,
327 2314 463 2376 minutas
503 2318 628 2376 tantum
665 2315 1005 2378 animaduersiunculas
1040 2314 1164 2377 aliunde
1196 2315 1244 2378 in·
1333 2338 1337 2352 ¹

132 2413 302 2482 lundens².
1190 2424 1192 2428 ’

235 2514 382 2578 Breuiter
415 2515 518 2578 solum
551 2515 608 2578 has
640 2538 690 2578 res
723 2517 826 2597 attigi,
855 2517 938 2596 quod
960 2503 1067 2580 nescio
1091 2540 1130 2580 an
1154 2539 1246 2580 nemo

132 2617 268 2693 dubitet,
293 2617 367 2697 quin
391 2639 429 2679 ex
453 2618 680 2697 antiquissimis
703 2640 809 2681 rerum
833 2617 1040 2699 scriptoribus
1060 2619 1159 2699 petita
1173 2617 1245 2692 sint,

131 2739 214 2797 quae
247 2718 284 2780 de
315 2719 469 2798 patriciae
492 2719 669 2782 nobilitatis
693 2726 765 2782 ortu
788 2719 827 2782 ab
850 2720 889 2782 iis
911 2713 1088 2796 narrantur,
1112 2720 1166 2799 qui
1187 2740 1245 2798 po-

132 2819 267 2881 steriore
300 2824 404 2882 aetate
435 2821 468 2882 in
498 2820 609 2900 populi
637 2823 760 2883 romani
783 2821 917 2884 historia
940 2821 1106 2883 scribenda
1128 2819 1246 2882 uersati

132 2924 217 2982 sunt.
263 2918 364 2983 Credo
395 2923 426 2983 in
459 2929 569 3002 aperto
602 2943 680 2997 esse,
713 2943 768 2984 cur
791 2923 969 2985 necessario
993 2922 1246 2986 constituendum

129 3025 252 3102 putem,
282 3044 344 3102 quo
367 3023 455 3086 fonte
478 3023 533 3086 illa
555 3017 773 3104 prouenerint:
804 3025 925 3087 scilicet
948 3026 1031 3105 quod
1052 3024 1098 3086 ita
1120 3023 1245 3086 demum

130 3123 267 3186 iudicari
289 3130 404 3205 potest,
429 3131 581 3206 quantum
603 3127 752 3206 ponderis
772 3126 835 3189 illis
851 3126 1085 3190 narrationibus
1102 3125 1244 3189 tribuen-

131 3225 208 3287 dum
238 3226 288 3286 sit.
333 3225 376 3288 Et
405 3227 438 3288 in
460 3225 509 3288 his
533 3226 627 3289 rebus
650 3228 815 3290 narrandis
838 3233 989 3308 quantam
1012 3227 1112 3291 Fabio
1135 3233 1244 3291 aucto-

129 3327 261 3388 ritatem
295 3327 423 3389 concedi
458 3332 614 3407 oporteat,
648 3350 722 3390 mox
756 3317 903 3410 reputare
937 3327 1130 3393 conabimur.
1183 3328 1245 3392 Sed

130 3427 269 3490 forsitan
291 3449 353 3490 non
377 3427 489 3490 inutile
512 3429 553 3491 sit
575 3429 661 3508 prins
685 3452 846 3509 quaerere,
871 3432 945 3511 quid
968 3454 1043 3512 ergo
1067 3433 1104 3494 de
1119 3435 1244 3511 patrum

131 3532 164 3590 et
198 3527 405 3607 patriciorum
439 3529 561 3609 origine
596 3531 739 3593 senserit.
785 3531 933 3612 Plerique
966 3555 1030 3595 non
1063 3532 1245 3594 dubitarunt

130 3629 316 3703 concedere,
349 3629 421 3692 illos
456 3629 616 3693 Ciceronis
651 3637 683 3693 et
713 3631 797 3694 Liuii
831 3637 862 3694 et
895 3632 1058 3696 Plutarchi
1086 3633 1173 3696 locos
1199 3634 1245 3695 ita

130 3750 203 3792 esse
230 3729 495 3810 interpretandos,
518 3736 553 3794 ut
575 3733 741 3812 patriciam
766 3733 966 3796 nobilitatem
989 3756 1005 3796 e
1028 3735 1116 3815 regio
1139 3735 1243 3797 consi-

129 3832 176 3894 lio
207 3835 309 3894 ortam
332 3833 490 3896 docerent.
535 3831 636 3896 lmmo
661 3835 815 3912 crederes,
838 3858 904 3899 rem
929 3838 961 3898 in
984 3837 1244 3917 disceptationem

128 3953 195 3994 non
229 3953 321 4012 posse
355 3936 471 3996 uocari.
517 3933 579 3997 Sed
606 3935 783 3998 Mommsen
816 3937 878 3999 alia
901 3943 948 4000 est
971 3939 1136 4014 sententia,
1160 3938 1242 4000 sire

128 4055 209 4096 uera
231 4035 263 4096 id
286 4034 390 4098 dicere
412 4037 523 4113 uoluit,
547 4038 631 4116 quod
653 4037 685 4099 in
708 4037 757 4100 his
781 4039 847 4101 eius
867 4039 971 4102 uerbis
988 4040 1089 4102 inesse
1105 4039 1241 4101 uidetur:

238 4168 245 4196 ¹
265 4173 291 4218 II
311 4175 348 4220 29.
740 4213 742 4216 .

238 4252 248 4281 ²
266 4257 310 4303 Cfr
328 4259 445 4306 Nitzsch:
465 4261 603 4306 Rbmische
622 4262 775 4319 Annalistik,
794 4277 818 4321 p.
839 4264 868 4307 21
890 4278 927 4322 sq.
