3004 5066
560 407 718 460 ..93-

87 573 155 635 iura
177 569 304 634 sublata
326 590 395 632 esse
408 568 427 631 ¹.
472 569 558 632 Liuii
580 574 687 632 autem
710 569 816 633 uerbis
841 573 937 652 atque
953 569 1101 651 Dionysii
1116 592 1191 633 ean-

88 674 156 736 dem
180 693 248 734 rem
271 671 440 752 designari,
463 691 564 751 paene
589 675 710 734 certum
726 672 817 748 ducO,
835 693 907 734 cum
920 671 1095 748 considero,
1111 693 1192 752 quae

88 772 277 836 Plutarchus
301 771 437 853 scripsit,
460 775 638 852 postquam,
653 771 817 835 clientium
841 771 947 836 officia
963 794 1191 836 commemora-

88 875 146 937 uit:
176 869 323 954 Ὕστερον
357 871 400 945 δέ,
432 880 488 934 των
519 869 619 934 ἄλλων
651 869 771 934 δικαίων
795 875 950 955 μενόντων,
974 875 1006 933 τὸ
1031 873 1192 955 λαμβάνειν

88 979 231 1058 χρήματα
264 975 332 1042 τοὺς
367 972 510 1042 δυνατοὺς
543 975 625 1054 παρὰ
656 983 710 1034 των
742 977 951 1054 ταπεινοτέρων
982 970 1105 1057 αἰσχρὸν
1128 971 1193 1036 ἐνο-

89 1079 183 1161 μίσθη
207 1079 259 1138 ναὶ
281 1075 410 1155 ἀγεννές.
456 1075 608 1150 Quodde
631 1076 823 1139 testimoniis
846 1076 986 1140 dicendis
1006 1077 1099 1139 docet
1112 1075 1192 1140 Dio-

88 1179 195 1260 nysius
226 1177 278 1241 hic
310 1177 436 1240 mittere
467 1199 650 1258 possumus;
682 1199 785 1257 neque
808 1199 894 1254 curu,
919 1200 999 1258 qliae
1023 1178 1060 1241 de
1083 1181 1191 1260 patro-

88 1285 179 1344 natus
209 1285 241 1343 et
264 1278 429 1342 clientelae
453 1278 548 1342 certis
571 1277 686 1342 officiis
709 1278 836 1342 uiolatis
859 1279 1035 1359 praedicat;
1059 1281 1193 1343 samad

89 1405 156 1445 eum
190 1403 267 1458 rem,
301 1381 338 1443 de
370 1403 434 1460 qua
465 1380 599 1461 agimus,
622 1380 702 1443 nihil
724 1381 885 1462 pertinent
908 1385 939 1443 et
961 1403 1066 1444 merae
1089 1403 1193 1462 nugae

88 1481 191 1546 sunt².
237 1481 298 1545 Sed
324 1482 403 1545 haec
426 1480 572 1562 Dionysii
595 1482 694 1545 uerba
716 1482 869 1562 impedire
892 1482 1049 1560 uidentur,
1072 1504 1111 1545 ne
1135 1482 1192 1545 cli-

90 1589 176 1648 entes
207 1584 240 1646 in
272 1583 389 1646 ciuium
417 1604 549 1646 numero
572 1582 760 1646 habeamus:
789 1581 876 1652 δίνας
898 1605 927 1644 τε
951 1581 1022 1666 (ἔδει
1044 1585 1112 1652 τοὺς
1134 1603 1193 1645 πα-

91 1689 228 1766 τρικίους)
251 1681 323 1765 ὑπὲρ
346 1692 402 1744 τῶν
426 1683 559 1745 πελατῶν
583 1681 782 1766 ἀδικουμένων
806 1684 976 1766 λαγχάνειν,
1000 1682 1082 1754 εἴτις
1098 1685 1195 1764 βλάπ-

92 1810 166 1850 τοιτο
188 1789 254 1868 περὶ
276 1789 313 1847 τὰ
336 1786 517 1867 συμβόλαια,
540 1788 592 1846 καὶ
614 1795 675 1855 τοῖς
697 1783 874 1864 ἐγκαλοῦσιν
896 1782 1024 1869 ὑπέχειν.
1062 1783 1145 1849 Nam
1169 1787 1195 1849 si

92 1890 168 1953 haec
191 1893 277 1952 recte
301 1887 425 1965 dixerit,
450 1888 685 1951 concedendum
707 1887 757 1965 sit,
782 1887 913 1950 clientes
935 1887 1006 1968 lege
1024 1909 1118 1968 agere
1133 1910 1196 1951 non

93 1991 247 2072 potuisse3
282 1990 337 2053 sed
371 1989 426 2070 qui
457 2011 495 2052 eo
526 1989 594 2052 iure
618 1994 750 2066 careret,
774 2011 846 2053 eum
870 1990 972 2053 ciuem
995 1988 1103 2065 fuisse,
1126 1988 1196 2068 quis

92 2091 308 2155 contenderit?
352 2089 459 2170 Atque
483 2091 585 2154 idios
609 2113 627 2152 a
650 2091 726 2153 uiris
750 2091 851 2154 doctis
874 2095 1055 2153 nostrorum
1072 2094 1195 2170 tempo-

90 2216 158 2256 rum
182 2192 349 2256 clientibus
373 2192 471 2272 uulgo
495 2191 678 2269 abiudicari,
702 2192 756 2254 uix
780 2196 828 2255 est
851 2214 906 2255 cur
928 2213 1083 2256 moneam.

190 2292 252 2358 Sed
275 2294 368 2357 credo
393 2293 539 2375 Dionysii
563 2293 745 2356 auctoritati
768 2294 901 2357 nimium
923 2293 1031 2371 tribui,
1049 2293 1075 2356 si
1091 2293 1197 2356 uerbis

92 2396 162 2473 illis,
187 2417 268 2476 quae
291 2396 385 2458 modo
409 2394 584 2470 attulimus,
609 2395 804 2471 adducimur,
828 2399 864 2458 ut
879 2395 1010 2458 clientes
1026 2395 1059 2458 in
1074 2394 1198 2457 iudiciis

90 2519 162 2560 suas
193 2497 279 2578 ipsos
310 2518 360 2559 res
384 2496 486 2577 egisse
509 2517 671 2577 negemus.
716 2494 831 2559 Nonne
854 2496 1050 2578 suspiciones
1073 2499 1198 2558 nostras

89 2618 217 2660 mouere
252 2597 355 2674 debet,
390 2597 474 2676 quod
509 2595 709 2672 Plutarchus,
745 2618 816 2659 cum
848 2597 886 2659 de
919 2595 1140 2678 patronatibus
1167 2600 1199 2657 et

92 2697 244 2761 clientelis
267 2698 422 2761 institutis
446 2697 597 2777 loquitur,
622 2698 659 2759 de
682 2697 737 2759 illa
759 2719 792 2760 re
809 2696 889 2760 nihil
903 2697 1021 2760 tradit?
1055 2695 1197 2771 Accedit,

92 2800 175 2878 qu'od
207 2820 253 2876 ea,
284 2821 365 2880 quae
393 2797 567 2878 Dionysius
590 2801 708 2874 narrat,
731 2820 793 2861 non
817 2799 900 2860 inter
923 2819 956 2860 se
979 2797 1059 2860 bene
1083 2797 1197 2860 cohae-

92 2904 170 2962 rent.
215 2897 300 2962 Nam
333 2899 417 2979 quod
451 2899 536 2974 dicit,
570 2901 721 2979 patronos
749 2898 917 2962 clientibus
940 2899 1005 2961 suis
1027 2898 1077 2960 ius
1099 2899 1198 2961 inter·

196 3103 204 3132 ¹
224 3107 272 3162 Qui
291 3108 340 3152 loci
360 3106 526 3163 antiquorum
545 3106 702 3164 scriptorum
722 3106 753 3150 ad
773 3106 840 3151 hano
856 3106 942 3162 legem
958 3103 1200 3164 speotant,collegit

90 3194 179 3250 Lange
197 3185 237 3236 11³
255 3206 298 3250 pp.
320 3191 366 3236 190
386 3204 424 3248 sq.
452 3189 524 3235 Inter
543 3189 939 3250 alissanctumest‚1iequisob
953 3201 1059 3234 causam
1073 3189 1199 3234 orandam

93 3277 230 3336 pecuniam
249 3276 381 3320 donumue
401 3275 529 3333 acciperet
549 3275 617 3328 (Tac.
637 3275 704 3319 Ann.
723 3273 759 3318 XI
778 3275 800 3333 5,
819 3272 882 3319 XIII
901 3275 941 3333 42,
960 3273 1003 3319 XV
1022 3273 1072 3328 20).

195 3369 372 3422 Quem-dum
400 3379 473 3436 puto,
502 3389 569 3434 eum,
597 3377 641 3434 qni
668 3384 807 3434 patronum
835 3375 960 3432 suffragio
985 3388 1032 3420 suo
1058 3387 1108 3420 non
1128 3375 1199 3420 adiu·
1232 3433 1234 3437 Ι

91 3465 189 3519 nasset,
207 3473 306 3519 poenas
325 3460 437 3506 dedisse.
473 3459 562 3517 Neque
580 3460 705 3519 intelligo,
725 3460 855 3517 quomodo
875 3459 1014 3517 quisquam
1027 3459 1078 3504 sibi
1092 3471 1199 3517 persua-

92 3546 153 3590 dere
171 3545 263 3604 possit,
282 3544 394 3603 capitale
413 3544 503 3602 fuisse,
523 3545 545 3589 si
565 3544 645 3589 cliens
665 3545 777 3603 patroni,
796 3546 841 3589 aut
854 3547 981 3602 patronus
992 3544 1093 3590 clientis
1106 3557 1211 3589 nomen

92 3631 236 3676 detulisset.
273 3629 464 3674 Testimonium
483 3628 610 3674 aduersus
629 3630 768 3687 patronum
788 3629 873 3673 dicere
892 3641 942 3673 non
962 3627 1106 3684 cogebatur
1120 3628 1200 3672 cliens

91 3729 137 3761 nec
166 3714 292 3760 aduersus
320 3715 441 3759 clientem
469 3717 602 3772 patronus.
646 3713 691 3758 Gir
717 3713 784 3760 Plut.
804 3713 820 3759 l.
839 3714 856 3758 l.
885 3719 910 3758 et
933 3712 996 3758 Mar.
1014 3713 1039 3769 53
1067 3713 1116 3770 leg.
1135 3713 1198 3758 Acii.

92 3802 132 3860 32,
152 3803 191 3846 33.
229 3798 277 3851 Qui
306 3799 386 3843 nihilo
414 3798 500 3844 minus
527 3799 706 3845 testimonium
731 3798 802 3856 dixit,
828 3797 907 3856 impie
926 3798 985 3854 egit,
1005 3798 1053 3860 sed
1074 3810 1134 3842 eum
1154 3811 1200 3856 pu-

92 3885 175 3930 nitum
202 3897 269 3941 esse,
296 3883 419 3940 Dionysio
447 3896 498 3928 non
526 3883 692 3928 credendum.
729 3882 759 3926 In
787 3883 837 3939 leg.
862 3882 939 3927 duod.
964 3881 1015 3927 tab.
1043 3882 1107 3927 haec
1126 3885 1201 3927 erant

92 3969 172 4025 (beru.
193 3969 225 4014 ad
243 3969 304 4014 Aen.
324 3967 358 4012 VI
373 3967 448 4024 doti:
477 3970 606 4014 Patronus
633 3971 657 4012 si
684 3969 769 4012 cilenti
793 3969 912 4023 fraudem
938 3967 1034 4023 fecerit,
1053 3979 1124 4010 succi·
1142 3972 1200 4011 esto.

93 4054 175 4108 Quam
202 4053 287 4109 legem
314 4053 433 4111 Dionysii
458 4054 539 4099 uerba
564 4054 734 4112 interpretata
752 4056 886 4111 putantur.
923 4051 967 4097 Oh·
986 4051 1083 4097 Bruns:
1105 4051 1200 4096 Fontes

92 4138 154 4182 iuris
174 4131 288 4182 νοωιιιιιίὃ
306 4151 330 4195 p.
351 4139 373 4196 4,
392 4137 456 4182 Adn.
477 4139 499 4182 2.
536 4135 590 4183 Non
610 4138 708 4196 dubIto,
728 4139 790 4196 quin
809 4137 948 4194 Dionysius
967 4149 1076 4194 prorsus
1095 4149 1145 4180 non
1163 4136 1200 4180 in-

92 4221 229 4280 tellexerit,
248 4221 309 4279 quid
328 4235 359 4267 ea
377 4223 419 4267 lex
438 4221 546 4268 iuberet.
