3004 5066
781 351 938 404 ,46-

305 532 477 576 uacaneum
501 516 548 574 est
569 511 661 593 plura
684 531 883 588 enumerare3
907 513 968 576 iam
993 513 1076 576 enim
1098 513 1244 590 uidimus,
1267 513 1418 576 saltema

305 610 494 694 Uespasiani
526 617 557 676 et
583 611 649 676 Titi
677 613 876 694 temporibus
898 614 1065 695 patriciam
1088 613 1276 695 dignitatem
1301 614 1347 678 iis
1370 613 1417 676 in·

306 713 426 776 dultam
449 735 527 790 esse,
551 714 605 794 qui
628 715 768 778 nondum
791 719 956 778 senatores
972 719 1087 778 essent.
1127 714 1356 789 Quaerendum
1374 720 1420 778 est
1477 698 1478 759 l

305 815 414 896 igitur,
447 838 523 879 num
557 837 638 896 quae
669 815 852 896 probabiles
883 816 1023 879 rationes
1050 821 1177 898 praesto
1200 816 1273 893 sint,
1297 817 1419 897 quibus

306 916 494 994 declaretur,
528 918 687 998 quomodo
718 918 788 980 fieri
816 918 966 1000 potuerit,
998 923 1031 980 ut
1053 919 1229 999 posteriore
1252 923 1366 982 aetate
1389 919 1419 981 iu

306 1019 448 1098 patriciis
474 1018 648 1100 allegandis
676 1018 768 1082 aliter
791 1025 949 1100 ageretur,
974 1041 1069 1099 quam
1093 1018 1238 1082 Caesaris
1261 1025 1294 1084 et
1320 1019 1419 1084 Octa-

307 1119 393 1182 uiani
426 1120 625 1201 temporibus
642 1119 777 1182 'factum
810 1125 903 1184 esset.
948 1120 1005 1183 Oui
1034 1121 1213 1200 quaestioni
1241 1127 1419 1202 antequam

306 1222 498 1302 respondere
521 1243 628 1297 conor,
650 1221 746 1284 liceat
769 1243 907 1298 monere,
931 1221 1095 1304 patriciam
1117 1223 1306 1304 dignitatem
1319 1243 1419 1285 *num-

307 1343 401 1402 quam
433 1327 523 1386 extra
550 1323 745 1386 senatorium
767 1323 909 1386 ordinem
933 1324 1037 1386 datam
1063 1345 1141 1386 esse.
1186 1321 1251 1387 Sub
1276 1325 1418 1405 impera-

307 1423 431 1488 toribus
462 1445 526 1486 non
557 1424 589 1486 in
620 1423 722 1486 libero
746 1425 995 1505 uniuscuiusque
1018 1424 1151 1488 arbitrio
1173 1425 1317 1506 positum
1343 1430 1419 1500 erat,

307 1529 412 1587 utrum
438 1547 456 1586 a
478 1546 582 1609 cursu·
594 1524 750 1588 honorum
767 1521 927 1589 abstinere
940 1525 1038 1588 uellet
1052 1547 1161 1603 necne,
1178 1530 1210 1589 et
1222 1527 1418 1606 quicumque

308 1625 561 1706 uigintiuiratum
586 1630 641 1688 aut
662 1626 860 1689 tribunatum
883 1627 1054 1690 militarem
1077 1631 1230 1708 gesserat,
1254 1612 1284 1690 ei
1304 1632 1419 1708 postea

308 1747 436 1790 neeesse
470 1732 539 1790 erat
572 1732 775 1807 quaesturam
809 1749 920 1809 gerere
953 1732 984 1791 et
1014 1729 1098 1791 inter
1124 1733 1288 1792 senatores
1311 1729 1417 1792 locum

309 1828 461 1909 accipere.
506 1827 555 1891 lta
578 1829 607 1891 ei
630 1849 767 1909 quoque,
791 1829 845 1908 qui
867 1829 989 1893 nullum
1014 1830 1237 1911 magistratum
1253 1831 1418 1910 gessisset,

308 1930 443 2010 patricia
476 1929 614 2011 dignitas
647 1929 747 1993 tribui
779 1934 915 2012 poterat,
947 1936 983 1994 ut
1012 1953 1076 1994 non
1108 1935 1198 1994 extra
1219 1932 1417 1996 senatorium

309 2031 452 2094 ordinem
484 2031 615 2110 profusa
648 2031 825 2108 uideretur;
860 2033 949 2095 cuius
979 2033 1025 2094 rei
1053 2032 1198 2113 exemplo
1221 2036 1270 2095 est
1293 2031 1417 2095 Dessau

308 2131 329 2194 l.
352 2131 373 2193 l.
399 2132 490 2209 1152,
518 2132 573 2194 ubi
596 2131 631 2194 T.
655 2132 802 2196 Flauium
825 2132 969 2198 Aristum
993 2132 1175 2214 Ulpianum,
1200 2135 1416 2197 clarissimum

308 2255 454 2315 puerum,
486 2234 575 2296 cuius
603 2234 768 2297 etiamtum
790 2240 938 2316 parentes
962 2240 993 2298 et
1015 2235 1117 2298 maior
1139 2234 1238 2298 frater
1260 2236 1417 2307 uiuerent,

310 2335 345 2395 in
367 2337 527 2416 patricios
548 2335 697 2416 facicilius
719 2336 838 2399 lectum
861 2337 1014 2399 uidemus.
1060 2335 1161 2400 Credo
1184 2336 1416 2400 Mommsenum

310 2440 397 2498 recte
421 2435 603 2513 coniecisse,
627 2442 789 2500 senatores
805 2438 888 2501 filios
905 2459 979 2500 suos
994 2438 1027 2500 in
1043 2437 1150 2500 album
1163 2439 1416 2501 clarissimorum

308 2557 482 2620 puerorum
505 2538 650 2619 profiteri
673 2543 800 2602 coactos
824 2560 902 2615 esse,
926 2543 962 2601 ut
983 2539 1016 2600 in
1039 2543 1211 2619 conspectu
1232 2544 1350 2615 essent,
1367 2536 1417 2617 qui

311 2639 351 2701 ad
381 2639 587 2719 magistratus
621 2641 773 2720 petendos
805 2640 913 2703 uocari
945 2645 1076 2721 possent
1088 2638 1106 2702 ¹.
1152 2638 1213 2702 Sed
1243 2640 1416 2712 uideamus,

312 2761 392 2820 quae
424 2740 559 2820 cogitari
590 2741 690 2822 possit
722 2763 826 2817 causa,
850 2761 906 2803 cur
929 2763 947 2802 a
969 2739 1168 2822 Uespasiano
1192 2745 1224 2803 et
1246 2739 1322 2804 Tito
1346 2762 1416 2804 cen-

311 2840 436 2904 soribus
470 2842 502 2903 in
536 2841 679 2922 patriciis
711 2841 885 2922 allegandis
917 2842 1083 2923 antiquum
1114 2863 1235 2904 morem
1258 2842 1416 2905 desertum

311 2947 469 3024 putemus.
520 2942 598 3006 Cum
633 2942 749 3006 Caesar
783 2949 814 3006 et
844 2947 958 3024 postea
988 2941 1182 3006 Octauianus
1211 2943 1417 3024 patriciorum

312 3065 479 3106 numerum
508 3045 687 3125 augendum
711 3050 868 3122 curarent,
891 3045 1011 3107 liberae
1034 3045 1080 3107 rei
1103 3045 1250 3125 publicae
1272 3045 1417 3108 instituta

313 3145 480 3208 etiamtum
502 3145 669 3226 uigebant3
693 3146 829 3208 comitiis
852 3151 888 3208 ut
911 3150 1005 3208 antea
1026 3145 1114 3227 leges
1137 3145 1269 3208 iubebat
1283 3145 1417 3227 populus

314 3250 345 3308 et
376 3247 582 3326 magistratus
610 3246 748 3323 creabat,
772 3269 965 3326 quamquam
988 3247 1137 3326 antiquae
1160 3246 1319 3310 libertatis
1343 3243 1417 3308 nihil

314 3351 478 3428 supererat
508 3347 568 3409 nisi
591 3369 674 3410 uana
695 3348 811 3428 imago.
856 3347 970 3428 Neque
993 3347 1086 3428 plane
1111 3351 1233 3410 certum
1256 3351 1335 3425 erat,
1359 3367 1418 3409 non

314 3449 449 3528 amplius
471 3448 540 3512 fore
563 3453 598 3511 ut
620 3449 803 3529 interregna
826 3471 905 3530 opus
929 3454 1043 3512 essent.
1088 3447 1147 3512 lllo
1163 3449 1262 3529 igitur
1276 3453 1416 3530 tempore

313 3550 452 3613 nondum
486 3550 518 3612 in
553 3549 747 3614 obliuionem
781 3550 913 3626 abierat,
948 3571 1029 3629 quae
1056 3550 1187 3630 propria
1213 3549 1416 3629 patriciorum

314 3673 445 3714 munera
468 3655 583 3714 essent.
628 3650 690 3714 Sed
711 3656 833 3732 postea,
858 3673 930 3714 cum
953 3651 1040 3713 nulla
1062 3651 1192 3714 comitia
1214 3654 1331 3726 essent,
1351 3649 1415 3729 qui-

314 3753 373 3815 bus
396 3756 523 3832 patrum
549 3753 722 3816 auctoritas
740 3753 878 3829 daretur,
894 3773 996 3832 neque
1009 3751 1224 3832 interregibus
1237 3749 1320 3812 ullus
1333 3749 1417 3812 locus

314 3853 445 3916 relictus
479 3857 571 3930 esset,
606 3854 708 3934 magis
739 3853 905 3934 magisque
937 3875 1007 3914 eam
1036 3851 1217 3934 opinionem
1241 3851 1416 3917 confirmari

315 3975 444 4016 necesse
475 3958 553 4030 erat,
585 3955 636 4016 cui
666 3954 809 4016 addictus
837 3958 905 4016 erat
927 3952 1000 4026 Dio,
1025 3953 1064 4028 ei,
1088 3953 1142 4033 qui
1164 3953 1248 4014 inter
1269 3950 1416 4032 patricios

315 4056 485 4136 legeretur,
508 4054 589 4116 nihil
611 4055 697 4117 aliud
720 4077 813 4136 quam
831 4058 953 4118 certum
967 4053 1146 4119 nobilitatis
1162 4075 1262 4134 genus
1274 4048 1415 4123 conferri,

319 4160 334 4164 ..
339 4159 518 4166 *mv——

421 4189 428 4217 ¹
447 4194 486 4240 SR
504 4187 530 4238 1³
549 4195 596 4240 476
617 4194 674 4238 adu.
695 4194 716 4239 2.
