3004 5066
674 445 833 498 ...98-

201 605 360 687 hobuisse,
384 609 438 690 qui
460 603 578 671 liberae
601 608 647 671 rei
669 608 815 690 publicae
838 609 1034 692 temporibus
1058 631 1129 674 cum
1145 616 1255 675 senatu
1272 612 1304 674 in

201 735 297 776 unum
331 733 445 793 corpus
477 710 738 791 coniungebstur.
783 709 845 774 Sed
872 713 910 774 nd
937 711 1063 775 illorum
1087 715 1213 794 patrum
1235 712 1303 794 pls-

200 835 271 877 nam
303 813 516 894 cognitionem
544 835 607 875 non
630 813 771 892 perueni.
817 812 971 888 Quoniam
994 818 1123 877 senatus
1146 835 1303 895 unapars

202 921 300 993 erant,
324 915 401 978 sotis
424 914 634 995 probabiliter
657 914 880 978 concluserunt
902 914 1023 994 antiqui
1040 915 1219 996 scriptores
1232 920 1303 996 pat·

201 1041 271 1081 rum
301 1017 468 1081 consilium
491 1015 530 1079 ob
553 1016 644 1079 initio
667 1021 795 1079 senatus
818 1015 945 1096 aliquod
968 1037 1068 1097 genus
1090 1017 1198 1080 fuisse.
1242 1015 1304 1080 Sed

201 1125 326 1202 patrum
350 1139 481 1182 munero
503 1117 604 1180 multo
628 1117 782 1199 ampliora
805 1121 895 1180 erant
910 1140 1003 1197 quem
1022 1122 1199 1181 ceterorum
1212 1141 1303 1181 sena·

200 1228 320 1297 torum;
358 1225 389 1283 et
421 1220 600 1302 suspicatus
634 1243 712 1298 sum,
747 1219 818 1282 illos
850 1219 978 1300 regibus
1002 1221 1121 1284 exectis
1144 1243 1201 1302 pro
1225 1222 1305 1302 regii

201 1323 325 1403 imperii
359 1322 528 1386 heredibus
562 1343 595 1383 so
628 1322 773 1402 gessisse.
819 1319 885 1384 Iam
915 1343 1027 1402 regum
1059 1327 1163 1386 aetate
1194 1344 1303 1385 eorum

201 1425 382 1487 institutum
410 1447 479 1488 esse
510 1421 686 1500 consilium,
718 1428 753 1486 ut
779 1445 842 1486 non
865 1424 932 1487 sine
956 1446 1051 1488 causa
1073 1425 1152 1506 regii
1176 1430 1304 1488 senatus

202 1527 271 1589 nice
294 1527 436 1590 functum
461 1547 528 1588 esse
551 1525 591 1588 ab
607 1524 811 1588 historiarum
824 1526 1032 1608 scriptoribus
1045 1531 1184 1609 putetur,
1197 1526 1304 1590 nescio

202 1649 241 1689 cn
253 1627 448 1708 interregum
460 1632 492 1690 et
503 1627 757 1707 interregnorum
769 1628 897 1690 nomino
913 1629 1054 1693 doceant.
1093 1629 1159 1692 Has
1174 1652 1225 1692 res
1240 1651 1305 1693 non

202 1729 262 1791 nisi
285 1729 399 1792 leuiter
421 1727 634 1810 perstringere
658 1729 757 1810 potui.
802 1727 863 1792 Sed
887 1751 979 1811 spero
995 1731 1180 1812 opusculum
1198 1753 1304 1794 meum

202 1831 410 1912 aliqantulnm
443 1831 481 1893 ad
513 1853 622 1892 eorum
654 1831 842 1894 sententiam
865 1833 1064 1896 refutandam
1081 1833 1303 1912 contribuisse,

202 1933 256 2013 qui
279 1939 386 2015 patres
409 1937 441 1996 ct
463 1931 614 2013 patricios
637 1932 713 1995 olim
735 1933 820 1997 solos
843 1935 973 1998 ciuitate
997 1957 1126 2000 romana
1144 1957 1218 2000 usos
1235 1958 1304 1999 esse

203 2035 405 2098 contendunt.
