3004 5066
566 428 725 482 „53-

62 588 145 650 iure.
196 588 256 652 Ex
282 590 324 653 iis
346 589 435 666 locis,
466 611 544 670 qnos
569 591 607 653 ad
631 612 742 654 norum
765 612 892 654 sensum
914 592 1003 654 nocis
1021 599 1134 674 potres
1157 591 1197 654 il·

61 689 285 753 lustrandum
318 691 453 755 eontulit
482 690 607 754 Beoker
620 691 639 769 ¹,
670 691 729 755 hos
752 691 930 756 Mommsen
953 691 1060 772 elegit,
1084 695 1119 754 ut
1142 692 1196 772 qni
1267 774 1272 784 ι

62 813 97 852 re
121 813 209 854 uera
235 796 505 874 argumentorum
527 793 592 856 uim
614 792 805 857 haberent²:
841 794 904 857 Oia.
929 794 966 856 de
990 795 1067 876 nep.
1092 791 1122 855 ΙΙ
1145 794 1196 869 37,

63 892 118 954 63:
147 891 355 957 “Cormabio
371 927 408 938 -·
422 901 456 956 ot
479 915 517 956 ne
535 894 639 978 plebei
663 916 732 957 eum
750 895 901 978 patribus
922 902 1033 975 essent,
1050 894 1195 956 indama-

63 995 212 1058 nissima
251 995 322 1078 depe
353 995 548 1059 eanmund
581 999 612 1059 et
640 995 714 1058 Lai.
737 993 785 1060 IV
807 998 836 1073 4,
861 998 894 1060 5:
920 996 996 1060 “hoo
1019 999 1133 1079 ipsum,
1157 1017 1196 1058 ae

64 1095 278 1159 connubium
307 1097 459 1180 patribus
491 1118 560 1159 enm
591 1097 677 1180 plebe
710 1106 798 1176 esset,
832 1120 893 1160 reon
921 1099 1095 1160 decemuiri
1117 1097 1195 1159 tule-

64 1205 143 1259 runt
170 1232 214 1239 --
245 1198 331 1260 —.9“
366 1197 434 1262 Hos
457 1198 545 1262 locos
568 1221 631 1262 non
654 1199 756 1280 magis
780 1221 961 1279 quamam,
986 1220 1065 1278 qnos
1088 1197 1195 1261 omisit

64 1295 274 1375 Mommsen,
309 1303 344 1361 ui
372 1298 443 1361 Lin.
467 1297 514 1361 IV
540 1300 570 1362 l:
608 1307 641 1362 ot
663 1301 785 1382 popolo
803 1307 946 1382 potestas
969 1307 1057 1378 esset,
1080 1320 1134 1362 eea
1158 1298 1195 1359 de

58 1398 164 1479 plebe,
191 1421 255 1462 sere
282 1399 320 1462 de
342 1399 489 1483 patribus
512 1401 615 1480 uellet,
639 1402 782 1464 consoles
803 1400 958 1481 faciendi,
978 1401 1017 1464 ad
1032 1387 1195 1482 poblicum

63 1497 228 1579 loquendi
273 1523 366 1563 usum
396 1501 596 1564 referendum
628 1501 792 1566 institutos
820 1524 898 1578 esse,
922 1501 1029 1565 statim
1053 1505 1193 1584 apparot.

65 1598 186 1680 Neque
220 1599 341 1664 Cicero
363 1623 467 1682 nequo
490 1601 602 1666 Liuius
625 1603 790 1666 duodecim
813 1602 992 1670 tabularum
1018 1603 1116 1666 uerba
1139 1625 1193 1666 ex-

65 1701 212 1782 primere
240 1703 383 1778 curauii3
413 1725 476 1766 non
499 1703 620 1780 dubito,
644 1703 719 1784 quin
742 1704 826 1785 ipsas
849 1703 974 1766 tabulas
997 1725 1036 1768 ne
1060 1704 1195 1766 adierint

67 1802 214 1883 quidem,
254 1804 312 1867 sed
345 1803 487 1867 breuiter
517 1804 727 1881 narrauerint,
760 1805 845 1885 quod
871 1805 902 1868 in
931 1804 1096 1868 annalibus
1119 1804 1193 1867 bro-

69 1903 154 1967 uiior
186 1909 343 1970 notatum
375 1905 539 1968 uidissent.
584 1903 646 1968 Sed
668 1905 738 1968 fiori
760 1910 875 1986 potest,
899 1910 934 1968 ut
957 1928 1032 1969 easu
1056 1905 1193 1986 quodam

68 2005 148 2068 sadis
171 2010 330 2070 accurate
352 2005 432 2088 legis
453 2006 553 2070 uerba
568 2007 710 2070 reddant.
747 2006 1013 2081 Quoditafuisse,
1031 2007 1109 2070 haee
1122 2004 1193 2069 Gaii

71 2106 172 2170 uerba
210 2108 384 2172 osdendere
416 2108 572 2184 dicuntur,
601 2129 639 2170 ex
662 2112 752 2170 sexto
775 2107 858 2171 libro
882 2112 1009 2172 seruata
1031 2129 1192 2172 common-

70 2207 233 2271 tariorum
270 2209 338 2272 eius
370 2209 409 2272 ad
431 2209 518 2290 logos
542 2209 705 2273 duodecim
729 2209 910 2273 tabularum
932 2209 1159 2290 pertinentium
1170 2207 1192 2286 ³,

72 2331 154 2388 qnae
180 2311 288 2373 uerba
310 2309 498 2388 Mommsen,
521 2310 699 2374 Beckerum
723 2315 860 2387 secutos,
883 2311 968 2374 Liuii
984 2315 1015 2374 ot
1031 2310 1192 2374 Ciceronis

70 2408 151 2473 loois
176 2412 280 2475 modo
303 2411 439 2475 laudabis
463 2411 640 2476 subiunxit:
659 2412 757 2494 plebs„
773 2420 818 2475 esi
842 2414 937 2475 eetere‘
960 2415 1045 2475 ciues
1062 2415 1131 2476 sine
1147 2433 1191 2474 se-

73 2513 258 2576 natoribus.
290 2511 397 2594 Atque
420 2513 465 2577 sic
488 2513 554 2576 fere
578 2513 691 2596 opinor
713 2535 780 2576 rom
803 2513 864 2577 sibi
880 2513 1067 2595 explioauii:
1083 2512 1193 2578 Uerba

73 2609 131 2674 Gai
165 2614 329 2678 eiusmodi
355 2605 461 2678 locum
488 2614 669 2678 tabularum
691 2615 951 2695 interpretantur,
975 2615 1030 2678 ubi
1049 2614 1138 2697 plebs
1161 2619 1193 2678 ot

69 2719 184 2792 potres
218 2716 306 2778 inter
333 2737 366 2779 se
394 2720 610 2798 opponantur;
641 2716 674 2778 ni
696 2716 742 2779 ita
765 2720 857 2792 esset,
880 2715 968 2778 nulla
990 2715 1118 2778 omnino
1141 2715 1191 2778 fu·

73 2811 151 2878 isset
175 2837 286 2893 causa,
311 2838 366 2880 our
389 2821 571 2880 senatorum
595 2817 787 2880 montionem
809 2817 938 2880 faceret.
976 2816 1057 2880 Eam
1077 2816 1191 2897 legem,

76 2935 169 2993 quam
204 2919 246 2981 de
278 2921 405 2999 patrum
436 2922 467 2982 et
489 2917 591 2998 plebis
615 2918 772 2982 connubio
797 2941 815 2980 a
837 2918 1025 2982 decemuiris
1047 2922 1190 2980 sanciam

74 3024 208 3082 narrant
244 3019 357 3082 Liuius
389 3005 421 3082 ot
453 3018 573 3096 Cicero,
601 3020 625 3083 si
650 3043 669 3082 a
692 3018 770 3083 Gaio
794 3023 941 3082 enarrata
950 3025 1021 3109 ⁶ost,
1044 3019 1077 3081 in
1099 3023 1190 3082 sexto

76 3117 256 3200 eodemque
279 3119 391 3184 ultimo
415 3121 714 3184 commentariorum
736 3120 818 3184 libro
834 3121 999 3196 tractauii3
1023 3143 1094 3184 nam
1113 3141 1189 3183 oon·

76 3221 148 3297 siat,
174 3243 248 3284 eam
270 3221 304 3284 in
326 3222 493 3285 undecima
516 3227 570 3286 aui
590 3223 776 3286 duodecima
790 3222 900 3286 tabula
915 3223 1067 3303 scriptam
1083 3220 1189 3297 osso&
1259 3275 1261 3278 .

78 3339 175 3396 quare
208 3323 287 3386 satis
315 3323 487 3386 uerisimile
511 3328 568 3401 esi,
591 3323 690 3387 uerba
712 3322 783 3388 Gaii
807 3325 845 3386 ad
868 3346 937 3387 eam
960 3324 1061 3406 ipsam
1085 3323 1189 3404 legem

78 3427 238 3500 spectare3
263 3425 347 3504 quod
369 3425 396 3487 si
418 3425 464 3487 iia
485 3447 535 3488 ros
559 3446 592 3488 se
607 3424 715 3501 habet,
732 3420 968 3488 concedendum
985 3429 1042 3501 osi,
1056 3424 1188 3487 uerbum

74 3528 187 3600 potres
210 3525 369 3588 interdum
392 3526 520 3606 publico
544 3547 688 3590 sermone
711 3527 861 3607 patricias
877 3529 988 3606 gentes
1005 3530 1037 3588 et
1052 3524 1188 3588 familias

80 3621 272 3701 significare.

179 3724 272 3790 Nihil
295 3749 406 3792 curare
428 3729 555 3792 uidetur
576 3728 764 3807 Mommsen,
789 3731 872 3810 quod
896 3734 968 3793 anto
988 3731 1154 3792 monuerat
1165 3722 1189 3802 5,

185 3910 192 3940 ¹
212 3917 357 3964 Handbuoh
376 3918 402 3964 II
422 3920 433 3964 1
454 3932 498 3978 pp.
520 3920 566 3964 142
585 3931 641 3977 sqq.

183 3994 193 4024 ²
212 4003 250 4048 SR
268 4003 308 4048 III
330 4005 359 4050 13
380 4005 438 4051 adn,
458 4007 480 4050 3.

183 4079 267 4142 ³mg.
287 4085 307 4131 n
328 4089 366 4146 16,
388 4089 444 4134 aaa.

183 4162 193 4192 ⁴
212 4170 275 4216 Uide
295 4171 346 4218 Cic.
365 4173 381 4219 l.
401 4173 417 4217 1.

182 4245 192 4276 ⁵
210 4254 282 4302 Rom.
303 4256 409 4303 Forsoh.
430 4257 446 4302 l.
465 4257 481 4302 1.
