3004 5066
745 411 909 464 ...96-

272 597 339 638 rem
370 573 537 655 significet,
568 593 631 636 non
653 571 746 635 facile
769 571 967 654 intelligitur.
1012 573 1196 650 Audiamus,
1220 575 1378 654 quomodo

273 676 450 738 Mommsen
483 673 735 738 semiliberorum
770 678 889 738 statum
922 675 1051 738 definiat
1084 673 1150 756 (SR
1180 673 1227 738 ΙΙΙ
1254 698 1284 756 p.
1308 673 1378 756 54):

277 775 511 840 “Halbfreiheit
526 776 568 838 ist
586 775 747 857 derjenige
770 773 919 853 Zustand,
943 777 976 838 iu
998 775 1150 841 walchem
1172 776 1301 856 negativ
1323 776 1380 839 der

271 877 401 959 Mangel
432 878 486 940 des
515 875 755 958 Bt'irgerrechts,
779 877 897 958 positiv
919 879 968 941 die
992 877 1241 960 Zugehdrigheit
1263 900 1301 940 zu
1323 878 1380 940 der

271 978 451 1042 romischen
474 977 645 1042 Gemeinde
668 979 993 1042 zusammentreffen.“
1034 978 1155 1054 Quibus
1177 979 1283 1043 uerbis
1299 978 1380 1042 mihi

272 1081 397 1143 uidetur
424 1079 610 1144 seruitutem
633 1101 697 1142 non
720 1079 823 1143 minus
847 1103 939 1160 quam
963 1080 1120 1144 libertatis
1144 1080 1280 1161 aliquem
1303 1102 1378 1162 gra-

272 1182 345 1245 dum
367 1181 573 1263 significasse.
618 1180 698 1244 Mihi
722 1181 849 1261 quidem
871 1180 932 1244 hoc
955 1181 1106 1263 Herzogii
1129 1182 1167 1244 de
1184 1179 1331 1245 clientela
1348 1186 1381 1244 et

271 1287 442 1363 patronatu
464 1282 614 1346 iudicium
638 1303 830 1363 magnopere
853 1281 971 1363 placet:
1007 1282 1090 1346 “Das
1113 1281 1314 1346 Verhdltniss
1336 1283 1381 1346 ist

272 1384 323 1446 cin
355 1382 660 1447 Treuverhdltniss.“
707 1381 756 1446 Ac
782 1384 890 1447 nescio
914 1407 953 1446 an
976 1405 1069 1446 nemo
1093 1384 1225 1460 dubitet,
1249 1383 1325 1464 quin
1348 1383 1381 1446 id

271 1489 357 1547 recte
389 1485 546 1548 statuerit.
592 1482 653 1547 Sed
684 1485 842 1564 quomodo
874 1484 1030 1563 clientela,
1054 1485 1142 1548 cuius
1164 1485 1266 1566 ipsum
1291 1485 1381 1566 prin-

272 1586 389 1667 cipium
423 1587 454 1649 in
488 1587 549 1649 fide
583 1587 746 1666 utriusque
778 1586 877 1668 partis
905 1585 1010 1666 posita
1031 1585 1138 1663 fucrit,
1162 1587 1271 1649 eadem
1294 1591 1383 1649 certa

274 1688 350 1751 iuris
373 1687 493 1769 publici
516 1688 637 1769 species
661 1709 729 1751 esse
752 1687 902 1769 potuerit,
926 1688 1010 1768 quod
1033 1692 1135 1750 totum
1150 1687 1183 1750 in
1196 1686 1320 1768 legibus
1333 1691 1383 1750 est

201 1789 203 1794 ’
273 1790 374 1869 iisque
407 1789 512 1865 iussis,
547 1809 627 1868 quae
658 1788 739 1868 legis
767 1789 831 1852 uim
853 1788 1002 1866 habeant,
1026 1811 1089 1852 non
1112 1788 1189 1852 satis
1211 1789 1381 1870 perspicio.

272 1890 341 1965 Quo
373 1891 419 1968 fit,
450 1895 486 1953 ut
514 1891 554 1952 ad
576 1889 653 1953 illud
675 1889 869 1953 redeundum
893 1891 944 1966 sit,
967 1891 1137 1972 quodiam
1161 1889 1236 1966 dixi,
1258 1889 1381 1953 nullum

273 1991 392 2074 publici
415 1996 516 2054 status
540 2012 639 2072 genus
663 1990 828 2054 clientelae
852 1993 978 2055 nomine
1001 1991 1170 2074 designari.

376 2091 457 2167 Quid
491 2093 528 2156 de
563 2091 659 2156 uariis
694 2091 859 2156 clientelae
894 2093 1062 2173 generibus
1094 2093 1298 2157 statuendum
1329 2093 1381 2170 sit,

275 2193 389 2273 quibus
414 2193 530 2256 finibus
553 2193 672 2256 fuerint
695 2193 943 2274 circumscripta,
967 2215 1028 2274 quo
1048 2198 1191 2275 tempore
1208 2193 1382 2274 ordineque

275 2298 345 2357 orta
367 2295 439 2370 sint,
465 2317 542 2375 quas
565 2295 758 2358 mutationes
782 2294 947 2371 subierint,
970 2316 1033 2357 non
1055 2294 1116 2357 hoc
1139 2295 1210 2358 loco
1233 2317 1312 2376 opus
1333 2299 1383 2358 est

276 2395 466 2456 examinare.
511 2393 681 2476 Proposito
705 2417 775 2458 meo
799 2394 948 2472 satisfeci,
972 2396 998 2458 si
1021 2397 1156 2472 ostendi,
1172 2395 1253 2460 nihil
1268 2388 1306 2458 de
1323 2395 1382 2458 cli·

275 2496 394 2559 entium
418 2495 513 2560 rebus
537 2497 699 2578 cognitum
724 2518 802 2574 esse,
828 2497 911 2576 quod
932 2497 1093 2577 impediat,
1115 2519 1154 2560 ne
1174 2490 1383 2580 patriciorum

276 2603 307 2661 et
328 2597 431 2679 plebis
454 2598 617 2662 ciuitatem
640 2598 780 2662 eiusdem
804 2597 1002 2678 antiquitatis
1024 2597 1122 2661 fuisse
1144 2603 1301 2682 putemus.

377 2900 515 2965 Conatus
538 2927 608 2966 sum
631 2904 858 2979 demonstrare,
882 2902 992 2982 populi
1015 2903 1136 2966 romani
1160 2903 1315 2983 quaedam
1331 2903 1382 2966 in·
1410 2938 1411 2941 ¹

276 3005 388 3067 stituta
420 3007 452 3066 et
482 3003 561 3082 iura,
594 3005 708 3085 quibus
732 3003 792 3066 uiri
816 3003 902 3066 docti
926 3002 1059 3065 multum
1083 3002 1224 3067 tribuere
1248 3025 1382 3067 consue-

276 3108 359 3180 runt,
394 3125 466 3166 cum
494 3110 577 3169 esset
599 3104 807 3187 probandum,
830 3103 989 3185 plebeiam
1012 3103 1175 3165 ciuitatem
1196 3104 1383 3184 posterioris

275 3208 427 3292 temporis
450 3207 558 3283 fuisse,
587 3207 626 3268 ad
649 3227 718 3268 eam
740 3227 807 3267 rem
831 3203 1026 3286 argumentis
1050 3204 1297 3268 confirmandam
1319 3229 1384 3270 non

275 3330 369 3390 posse
393 3308 545 3370 adhiberi.
590 3305 636 3370 Ut
657 3306 756 3386 igitur
779 3305 808 3367 ei
831 3306 868 3367 de
891 3304 1043 3386 patriciae
1066 3305 1243 3370 nobilitatis
1260 3307 1383 3389 origine

276 3409 461 3486 sententiae,
497 3409 585 3472 cuius
619 3410 764 3475 auctores
796 3407 925 3469 fuerunt
955 3405 1116 3468 annalium
1148 3407 1328 3488 scriptores,
1356 3409 1384 3472 si

276 3516 361 3574 recte
378 3533 411 3575 se
427 3511 556 3587 habent,
580 3531 661 3590 quae
684 3531 780 3589 supra
796 3507 937 3587 exposui,
953 3511 1080 3587 praeter
1096 3508 1294 3588 antiquitatis
1307 3530 1383 3572 con-

277 3633 403 3675 sensum
425 3613 495 3694 ipsa
517 3611 670 3694 patriciae
694 3608 915 3690 appellationis
936 3608 1018 3672 ratio
1034 3608 1128 3671 fidem
1144 3608 1231 3687 facit,
1248 3609 1294 3672 ita
1305 3609 1385 3672 nibil

276 3713 393 3792 inueni,
418 3714 503 3796 quod
526 3717 636 3776 contra
658 3733 727 3774 earn
750 3714 835 3773 recte
860 3710 901 3773 sit
923 3710 1128 3790 disputatum.
1171 3708 1284 3791 Neque
1308 3733 1385 3774 uero

277 3837 327 3876 me
360 3815 452 3897 fugit,
487 3819 555 3878 tum
589 3814 715 3876 demum
748 3811 952 3893 antiquorum
983 3801 1175 3893 scriptorum
1197 3812 1386 3876 sententiam

277 3938 373 3996 supra
395 3937 503 3979 omnes
527 3914 740 3978 dubitationes
763 3913 901 3994 positam
922 3913 1072 3989 futuram,
1097 3934 1168 3975 cum
1190 3913 1224 3976 in
1239 3913 1307 3976 iure
1325 3937 1385 3995 pu-

278 4015 360 4078 blico
384 4039 514 4080 romano
538 4039 576 4080 ex
599 4016 685 4080 omni
707 4019 798 4096 parte
821 4014 988 4076 tractando
1012 4015 1098 4076 etin
1121 4013 1240 4077 liberae
1262 4014 1309 4077 rei
1324 4037 1384 4096 pn-

278 4116 379 4180 blicae
411 4117 547 4180 historia
580 4117 746 4180 scribenda
778 4114 957 4177 examinata
989 4114 1058 4176 erit.
1103 4114 1173 4177 Hoc
1200 4115 1293 4177 modo
1323 4135 1388 4178 non

278 4218 356 4280 mihi
383 4219 459 4283 licet
487 4218 632 4300 experiri,
656 4240 731 4280 num
757 4215 794 4279 de
818 4217 1003 4297 quaestione
1026 4219 1135 4279 nostra
1156 4218 1242 4278 recte
1265 4215 1387 4278 iudica-
