3004 5066
827 402 859 408 -
888 375 924 425 16

353 538 481 621 publico
512 536 638 601 nomine
661 538 778 620 stirpes
801 535 975 616 appellatas
998 535 1104 599 fuisse.
1148 533 1218 599 Neo
1241 539 1346 618 potest
1369 537 1454 618 cogi-

353 641 425 718 tari,
459 640 485 702 si
516 639 562 702 ita
591 637 713 715 fuisset,
745 637 885 701 futurum
913 637 1011 701 fuisse
1033 641 1068 701 ut
1091 637 1157 702 eius
1180 637 1225 700 161
1249 637 1282 700 in
1303 637 1454 719 iurispru-

354 741 495 804 dentium
517 739 606 804 libris
629 739 716 830 nulla
738 739 856 803 mentio
879 739 979 802 fieret.
1017 737 1065 804 Ac
1088 738 1223 804 sirecte
1246 738 1335 802 illum
1353 739 1454 802 locum

355 841 521 925 explicaui,
544 846 667 905 tautum
690 840 790 918 abest,
811 845 846 904 ut
868 841 990 918 doceat,
1006 840 1132 922 plebem
1156 841 1231 904 olim
1256 863 1272 904 e
1295 841 1453 922 gentilicio
1482 837 1483 840 '

355 945 422 1008 iure
447 943 606 1008 exclusam
629 942 735 1020 fuisse,
759 945 794 1006 ut
816 941 894 1006 mihi
917 942 1018 1026 plebis
1035 965 1159 1007 causam
1176 942 1279 1024 magis
1291 943 1451 1006 defendere

355 1047 510 1110 uideatur.
555 1045 713 1109 Dicebant
738 1044 850 1126 opinor
872 1044 1007 1127 patricii,
1031 1067 1064 1108 se
1087 1043 1171 1108 solos
1194 1048 1305 1126 gentes
1326 1043 1451 1116 habere;

354 1171 465 1213 uerum
486 1171 549 1212 non
573 1170 635 1228 quo
658 1147 760 1228 ipsum
783 1146 831 1210 ius
854 1146 939 1228 plebi
962 1147 1094 1224 deesset,
1118 1147 1173 1210 sed
1195 1147 1271 1228 quia
1285 1146 1317 1208 in
1333 1168 1366 1210 se
1383 1145 1450 1210 solis
1482 1223 1483 1226 Ἴ

355 1250 517 1332 gentilitas
540 1249 669 1331 probari
691 1253 809 1330 posset.
1482 1263 1483 1292 ³

457 1351 562 1433 Atque
595 1355 706 1415 contra
735 1355 800 1414 tam
829 1350 945 1414 multos
968 1351 1146 1414 litterarum
1168 1351 1339 1414 latinarum
1361 1351 1449 1425 locos
1480 1337 1483 1442 1

358 1453 472 1534 quibus
501 1457 568 1516 tum
596 1451 738 1534 plebeiae
762 1456 872 1533 gentes
896 1457 1191 1531 commemorantur,
1215 1457 1283 1516 tum
1306 1451 1448 1534 gentilicii
1482 1455 1483 1488 ³

356 1555 433 1618 iuris
456 1555 502 1618 ita
523 1556 559 1617 fit
582 1555 711 1632 menti0,
734 1559 769 1618 ut
791 1545 970 1618 necessario
994 1556 1032 1618 ad
1056 1577 1164 1618 omnes
1188 1555 1273 1618 ciues
1290 1578 1308 1617 a
1323 1553 1447 1636 legenti·

357 1656 416 1719 bus
449 1657 615 1734 referatur,
649 1679 729 1720 unus
757 1696 794 1703 -—
819 1679 881 1720 non
913 1656 983 1738 plus
1015 1679 1094 1720 unus
1118 1693 1156 1700 —
1180 1655 1446 1746 intestimonium
1481 1647 1483 1678 ¹

357 1759 448 1821 citari
471 1762 586 1840 potest,
609 1759 664 1822 ubi
685 1781 814 1841 prorsus
837 1763 980 1840 negatur,
1003 1759 1128 1842 plebem
1151 1763 1279 1840 gentem
1301 1757 1444 1822 habuisse.

357 1859 490 1942 Scripsit
512 1861 621 1924 Liuius
645 1860 687 1941 (X
710 1860 756 1941 Sl:
781 1877 902 1945 semper
926 1864 988 1924 isto
1012 1862 1125 1924 61161116
1142 1868 1215 1923 sarit
1231 1861 1349 1938 eodem,
1362 1879 1445 1942 poenes
1480 1845 1483 1930 j

357 1984 414 2025 uos
437 1963 585 2045 66661616
609 1983 683 2043 esso,
708 1984 764 2024 uos
787 1963 870 2025 solos
890 1963 1443 2044 ι66616611611616,6666616616666
1480 1945 1483 2016 l

358 2065 526 2147 imperinm
550 2073 578 2128 et
601 2066 782 2148 auspicium
805 2065 890 2126 (16611
912 2065 1138 2149 anilibusque..
1414 2131 1416 2134 ,
1481 2135 1483 2144 ,

459 2166 547 2230 Haec
570 2167 667 2230 uerba
689 2166 798 2230 Liuius
821 2166 855 2230 P.
880 2166 1012 2230 Decium
1037 2167 1193 2230 dicentem
1215 2167 1302 2244 facit,
1319 2187 1442 2246 cumpro
1481 2181 1483 2226 1

358 2267 524 2348 rogatione
546 2266 683 2348 Ogulnia
705 2268 743 2330 de
767 2267 937 2348 auguribus
961 2272 993 2332 et
1014 2253 1217 2350 pontificibus
1241 2268 1364 2350 cplebe
1379 2267 1441 2331 alle·
1481 2227 1483 2310 l

359 2369 470 2449 gendis
504 2373 614 2434 contra
640 2367 706 2451 Ap.¹
726 2369 889 2433 Claudium
912 2370 1054 2434 disserat.
1100 2369 1209 2434 Monet
1232 2369 1359 2448 Decius,
1380 2369 1441 2432 talia
1481 2397 1483 2458 1

358 2470 391 2532 111
424 2470 626 2552 patriciorum
660 2471 857 2536 sermonibus
884 2494 1008 2553 semper
1031 2494 1099 2536 esse
1122 2472 1248 2547 iactata,
1271 2472 1440 2551 ubicumque

358 2572 396 2634 de
408 2573 498 2636 nouis
510 2573 684 2656 honoribus
696 2573 781 2655 plebi
799 2574 1017 2656 comparandis
1030 2578 1186 2655 ageretur,
1200 2596 1271 2637 cum
1283 2573 1319 2636 L.
1332 2572 1438 2637 Sextius

357 2673 477 2753 primus
501 2675 538 2738 de
560 2674 653 2756 plebe
677 2675 785 2739 consul
807 2675 909 2738 factus
925 2679 1018 2753 esset,
1036 2675 1068 2738 O.
1085 2675 1226 2739 Licinius
1239 2674 1328 2739 Stolo
1339 2675 1438 2757 prinus
1481 2699 1483 2744 1

358 2777 510 2857 magister
533 2777 683 2858 equitum,
708 2777 740 2841 Ο.
764 2776 902 2841 Marcius
925 2777 1052 2842 Rutilus
1075 2779 1195 2860 primus
1219 2782 1250 2841 et
1271 2779 1397 2842 dictator
1415 2779 1438 2838 et
1480 2763 1483 2858 1

358 2901 479 2956 6611661,
508 2879 543 2954 Q.
568 2879 722 2942 Publilius
750 2879 843 2943 Philo
866 2881 985 2962 primus
1008 2884 1145 2962 praetor.
1190 2879 1339 2960 Cogimur
1359 2880 1437 2961 igitur

359 3002 529 3057 assumere,
551 2980 648 3044 fuisse
669 2981 754 3046 Liuii
777 2982 975 3059 sententiam,
995 2982 1145 3070 patricios
1160 3004 1304 3063 negasse,
1319 2979 1436 3066 plebeias

359 3085 469 3162 gentes
493 3105 571 3160 esse,
596 3086 627 3145 et
650 3083 693 3146 ob
714 3106 783 3146 earn
799 3106 864 3146 rem
881 3083 1006 3165 plebem
1023 3085 1061 3150 ad
1076 3084 1179 3148 nullos
1191 3083 1327 3148 honores
1343 3082 1435 3146 admit·
1482 3135 1483 3140 ,

358 3185 487 3247 tendam
521 3185 727 3248 contendisse.
773 3184 848 3248 Non
879 3186 982 3263 uideo,
1013 3187 1170 3266 quomodo
1193 3187 1352 3268 gentilitas
1372 3185 1435 3248 banc

357 3288 478 3348 tantam
508 3287 572 3349 uim
598 3286 716 3350 habere
738 3288 887 3368 potuerit,
911 3292 946 3351 ut
968 3288 1000 3350 in
1020 3311 1056 3352 ea
1070 3289 1211 3370 positum
1226 3293 1319 3366 esset,
1335 3287 1394 3369 quis
1406 3285 1434 3346 ad

357 3387 562 3468 magistratus
595 3389 703 3470 populi
734 3389 855 3453 romani
885 3393 968 3453 66661
1001 3390 1222 3468 admittendus
1257 3390 1326 3470 quis
1352 3385 1433 3468 repel-
1481 3375 1483 3460 l

356 3489 477 3553 lendus.
522 3490 638 3555 Perse
663 3491 781 3555 clarum
805 3495 882 3570 erat,
905 3491 1047 3574 plebeios
1070 3492 1156 3555 uiros
1179 3513 1241 3556 non
1258 3510 1432 3570 earumgen·
1481 3465 1483 3500 ⁴

356 3593 435 3656 tium
468 3615 547 3670 esse,
579 3593 692 3673 quibus
719 3593 860 3675 auspicia
883 3597 914 3656 et
936 3593 1020 3658 iusta
1041 3593 1175 3676 imperia
1196 3597 1355 3658 reseruata
1372 3589 1431 3654 fuis·

357 3698 441 3770 sent,
457 3717 519 3758 non
536 3694 645 3775 liquet,
662 3697 820 3776 quomodo
834 3695 960 3758 euenire
972 3696 1121 3777 potuerit,
1134 3701 1169 3759 ut
1181 3718 1289 3760 corum
1306 3695 1342 3758 ad
1353 3689 1431 3772 magi·
1481 3693 1483 3770 ξ

356 3799 473 3860 stratus
486 3797 589 3860 aditus
602 3796 763 3861 difficilior
774 3798 874 3875 fieret,
888 3797 914 3861 si
927 3798 1136 3874 conuenisset,
1150 3799 1278 3862 omnino
1289 3821 1341 3862 eos
1351 3792 1431 3878 genti-
1481 3779 1483 3826 l

301 3909 304 3914 '
356 3897 445 3960 litate
470 3919 586 3960 carere.
631 3898 740 3962 Liuius
763 3899 815 3962 hic
834 3921 909 3962 sane
926 3899 1085 3963 confusius
1101 3900 1224 3964 loeutus
1241 3905 1298 3978 est,
1315 3919 1395 3980 quam
1407 3896 1432 3957 ut

358 4003 469 4062 contra
498 3999 603 4062 omnia
630 4001 822 4077 testimonia,
852 4023 931 4082 quae
959 4024 1054 4082 supra
1077 4002 1178 4080 attuli,
1202 4024 1240 4064 ex
1263 4001 1329 4065 eius
1349 3995 1431 4063 uerbis
1481 4057 1482 4078 ἶ

358 4099 543 4163 concludere
566 4100 670 4178 liceat,
692 4101 758 4164 siue
774 4101 916 4182 plebeios
932 4103 1100 4167 manifesto
1116 4103 1294 4185 gentilitate
1311 4101 1430 4172 caruisse,
1480 4078 1483 4178 l

357 4201 422 4265 siue
456 4201 569 4264 saltem
600 4203 750 4284 patricios
781 4203 814 4267 id
841 4204 956 4268 acriter
979 4206 1185 4270 contendisse.
1231 4204 1335 4286 Atque
1354 4201 1429 4285 ipsius
