3004 5066
826 418 964 469 ,4-

337 580 424 644 nullo
456 581 619 662 dignitatis
650 585 682 641 et
707 579 853 642 fortunae
876 579 1057 642 discrimine
1080 581 1165 643 facto
1188 580 1274 662 leges
1299 582 1446 646 iusserint

338 689 370 744 et
392 683 597 763 magistratus
621 680 758 744 crearint
771 717 809 724 -
823 682 906 760 quod
929 703 1004 744 num
1026 681 1171 756 fecerint,
1194 687 1279 746 certe
1295 705 1357 745 non
1371 705 1445 746 con-

337 789 401 846 stat
424 821 462 828 —
486 783 541 845 sed
571 783 597 844 si
625 782 670 844 ita
691 781 798 857 fuerit,
822 782 1006 845 centuriatis
1030 783 1167 845 comitiis
1189 783 1343 846 institutis
1367 785 1445 847 mul-

337 891 442 947 torum
474 884 591 946 ciuium
621 883 669 946 ius
696 883 852 946 minutum
875 904 944 945 esse
968 883 1180 946 confitendum
1204 888 1265 959 est;
1289 883 1349 947 hoo
1373 907 1445 948 uero

337 985 407 1048 fiori
438 1007 502 1048 non
532 985 674 1066 potuisse
706 985 776 1064 quis
799 983 958 1048 affirmet?
1002 982 1224 1064 Numquamne
1247 985 1367 1048 factum
1390 995 1445 1063 est,

336 1092 371 1150 ut
394 1110 412 1148 a
433 1086 576 1168 pluribus
600 1086 638 1147 ad
660 1085 826 1166 pauciores
849 1086 975 1148 cederet
998 1107 1120 1148 summa
1134 1089 1297 1166 potestas?
1334 1085 1445 1168 Neque

335 1189 396 1251 uiri
420 1188 504 1250 docti
528 1188 565 1250 de
588 1186 647 1249 hac
670 1208 704 1248 re
726 1191 792 1248 tam
814 1191 996 1266 promptum
1012 1185 1198 1250 habuissent
1214 1187 1374 1264 iudicium,
1387 1189 1446 1250 nisi

336 1289 403 1353 Ser.
427 1287 565 1352 Tullium
588 1287 769 1369 plebem'et
791 1288 942 1367 patricios
959 1288 1096 1351 comitiis
1113 1288 1312 1352 consociasse
1328 1289 1445 1351 uoluis-

336 1396 406 1454 sent
436 1389 587 1469 illamque
619 1391 653 1450 ut
681 1388 727 1450 ita
750 1388 853 1450 dicam
877 1387 1005 1450 ciuitate
1029 1388 1205 1451 donauisse.
1251 1389 1353 1462 Quam
1376 1411 1443 1452 sen-

335 1493 468 1556 tentiam
492 1495 576 1553 certe
600 1511 662 1552 non
686 1511 725 1551 ex
741 1490 944 1568 antiquorum
960 1489 1151 1569 scriptorum
1163 1489 1252 1552 libris
1265 1490 1444 1553 hauserunt.

335 1592 436 1656 Immo
460 1628 497 1636 -
522 1595 557 1654 ut
588 1591 625 1653 de
657 1612 793 1670 persona
823 1589 925 1654 Seruii
948 1595 1072 1654 taceam
1095 1630 1134 1636 -
1158 1613 1239 1671 quae
1262 1592 1299 1654 de
1323 1591 1445 1672 legibus

336 1695 402 1758 eius
425 1694 601 1767 traduntur,
632 1696 698 1754 tam
720 1692 842 1754 incerta
865 1697 947 1768 sunt,
971 1697 1006 1754 ut
1028 1693 1089 1755 nisi
1111 1697 1260 1772 percaute
1284 1693 1322 1755 ad
1345 1692 1445 1756 histo·

335 1797 416 1858 riam
437 1794 547 1876 populi
562 1794 685 1856 romani
701 1793 969 1856 exaedificandum
984 1815 1047 1856 non
1065 1793 1245 1856 adhibenda
1256 1795 1328 1857 sint.
1365 1793 1444 1856 Nam

336 1898 363 1960 si
393 1919 502 1960 uerum
536 1899 594 1971 est,
625 1895 709 1974 quod
732 1900 888 1971 narratur,
912 1893 1058 1958 Seruium
1081 1893 1219 1958 Tullium
1241 1895 1396 1976 populum
1416 1896 1444 1956 in

335 1999 451 2062 classes
475 2002 506 2060 et
529 1997 687 2060 centurias
711 1996 919 2078 discripsisse‚
943 1997 1072 2060 comitia
1088 1997 1264 2060 centuriata
1280 1997 1319 2059 ab
1337 1998 1445 2060 eodem

336 2122 404 2163 esse
426 2100 581 2175 instituta,
606 2121 701 2178 quam
723 2097 852 2160 minime
875 2103 924 2162 est
946 2098 1128 2162 uerisimile.
1163 2097 1226 2161 Uix
1243 2098 1327 2160 eninr
1342 2104 1445 2180 potest

336 2200 483 2276 dubitari,
508 2199 583 2280 quin
606 2198 722 2261 classes
746 2204 778 2261 et
801 2199 961 2262 centuriae
985 2200 1121 2280 primum
1143 2200 1308 2262 institutae
1324 2201 1398 2274 sint,
1415 2205 1445 2262 ut

248 2283 251 2292 λ
335 2302 412 2364 belli
434 2301 547 2383 opibus
570 2305 675 2362 certus
699 2301 775 2362 ordo
799 2306 892 2376 esset,
916 2323 974 2363 nec
997 2323 1145 2381 umquam
1170 2302 1281 2364 eodem
1303 2306 1444 2382 tempore

336 2408 368 2465 et
391 2403 430 2464 ad
452 2402 529 2464 belli
558 2406 590 2464 et
613 2403 653 2464 ad
675 2402 762 2483 pacis
785 2424 859 2464 usus
883 2401 1044 2466 adhibitae
1068 2405 1131 2466 sint
1144 2403 1162 2465 1.
1208 2402 1244 2466 ln
1267 2403 1326 2465 hac
1349 2404 1445 2484 igitur

335 2526 379 2576 re,
413 2525 493 2583 quae
527 2503 648 2582 antiqui
681 2504 853 2584 scriptores
887 2509 1027 2581 narrant,
1059 2526 1166 2567 secum
1197 2505 1266 2585 ipsa
1294 2513 1443 2584 pugnant.

336 2601 426 2678 Quod
457 2605 484 2667 si
510 2626 567 2685 per
590 2625 636 2679 ea,
661 2626 741 2683 quae
764 2605 801 2667 de
827 2605 1029 2667 comitiorum
1052 2606 1300 2668 centuriatorum
1324 2606 1444 2686 origine

335 2705 608 2781 circumferuntur,
631 2726 832 2785 nequaquam
855 2706 983 2768 credere
999 2711 1154 2782 notamur,
1168 2707 1296 2769 curiatis
1310 2706 1444 2771 comitiis

333 2806 460 2887 plebem
482 2805 674 2882 interfuisse,
692 2828 772 2869 non·
784 2807 886 2887 magis
910 2807 949 2869 ad
965 2807 1119 2870 eiusmodi
1135 2807 1325 2870 sententiam
1341 2829 1399 2888 per
1411 2828 1444 2868 ea

335 2907 487 2988 cogimur,
522 2929 602 2987 quae
636 2907 673 2969 de
703 2908 852 2989 putribus
883 2907 956 2984 illis,
980 2931 1113 2988 quorum
1136 2929 1231 2989 supra
1253 2910 1444 2971 mentionem

334 3009 406 3086 l'eci,
440 3009 663 3090 excogitarunt
694 3009 755 3070 uiri
784 3009 878 3071 docti.
922 3007 1007 3071 Nam
1029 3009 1123 3072 hodie
1146 3009 1212 3071 fere
1236 3031 1345 3071 omnes
1370 3031 1442 3072 con·

335 3110 484 3186 sentiunt,
516 3109 588 3172 illos
619 3109 727 3189 regiae
755 3109 869 3171 aetatis
892 3115 1054 3172 senatores
1077 3110 1175 3172 fuisso
1197 3114 1373 3190 posteaque
1396 3131 1442 3173 se-

334 3216 426 3272 natus
448 3211 616 3291 patriciam
637 3216 775 3290 partem;
799 3211 825 3272 si
849 3211 902 3290 qui
926 3211 963 3273 de
986 3210 1045 3273 hac
1068 3233 1102 3273 re
1126 3211 1218 3273 aliter
1240 3211 1391 3288 iudicent,
1414 3215 1443 3272 at

335 3333 444 3374 eorum
466 3312 624 3374 sententia
646 3333 774 3392 prorsus
791 3312 915 3374 deserta
930 3312 1041 3388 iaceat,
1054 3312 1108 3392 qui
1121 3312 1303 3388 docuerunt,
1312 3319 1443 3394 potrum

335 3418 442 3476 coetus
466 3417 499 3474 et
521 3412 650 3476 comitia
673 3413 795 3476 curiata
818 3413 948 3476 eandem
972 3434 1039 3475 rem
1062 3413 1168 3476 fuisse.
1435 3494 1437 3498 y

348 3581 352 3590 ‚
434 3513 509 3576 Non
544 3517 650 3594 potest
682 3514 793 3594 negari
826 3513 905 3577 haec
937 3515 975 3576 ad
1007 3535 1076 3576 eam
1105 3536 1172 3577 rem
1202 3514 1442 3588 diiudicandam,

334 3637 428 3694 quam
454 3614 533 3677 mihi
555 3615 753 3677 tractandam
776 3616 936 3696 proposui,
960 3616 1037 3678 satis
1060 3616 1167 3696 magni
1189 3616 1342 3677 momenti
1366 3636 1441 3678 esse.

333 3713 417 3776 Nam
440 3716 467 3777 si
489 3715 698 3778 demonstrari
720 3721 838 3796 posset,
861 3715 1012 3796 patricios
1036 3715 1203 3795 aliquando
1227 3715 1311 3778 solos
1334 3716 1373 3777 ad
1389 3736 1441 3778 co·

333 3815 423 3878 mitia
446 3817 567 3879 curiata
590 3817 785 3893 conuenisse,
811 3817 955 3896 quamuis
979 3838 1042 3879 non
1065 3821 1196 3892 certum,
1213 3815 1442 3879 attamensatis

333 3917 504 3980 uerisimile
532 3922 625 3994 esset,
653 3917 796 3998 plebeios
819 3917 963 3980 homines
987 3917 1063 3981 olim
1085 3940 1148 3981 non
1171 3918 1254 3980 inter
1277 3917 1362 3979 ciues
1385 3940 1441 3979 nu·

333 4022 470 4080 meratus
505 4039 582 4081 esse.
627 4016 696 4081 Nec
729 4040 766 4081 eo
798 4019 901 4081 minus
931 4018 991 4081 hoc
1014 4018 1084 4081 loco
1107 4018 1195 4081 illam
1218 4040 1284 4081 rem
1310 4055 1348 4060 —
1371 4019 1391 4080 i.
1415 4039 1440 4080 e.

438 4153 445 4181 ¹
463 4158 527 4203 Uide
546 4158 635 4202 Soltau
654 4158 669 4202 l.
684 4158 699 4202 l.
713 4172 737 4216 p.
753 4160 809 4203 231.
837 4158 891 4203 Hoc
905 4159 955 4203 iam
971 4163 1046 4203 antea
1060 4159 1205 4215 Schwegler
1217 4159 1354 4204 docuerat:
1368 4160 1439 4203 Rom.

334 4241 427 4287 Gesch.
447 4241 459 4286 Ι
479 4244 526 4287 754
545 4246 571 4286 et
589 4242 748 4288 Mommsen:
768 4243 841 4288 R'om.
862 4237 972 4288 Geach.6
990 4245 1029 4289 93.
