<?xml version="1.0" encoding="UTF-8"?>
<!DOCTYPE html PUBLIC "-//W3C//DTD XHTML 1.0 Transitional//EN"
    "http://www.w3.org/TR/xhtml1/DTD/xhtml1-transitional.dtd">
<html xmlns="http://www.w3.org/1999/xhtml" xml:lang="en" lang="en">
 <head>
  <title>
</title>
<meta http-equiv="Content-Type" content="text/html;charset=utf-8" />
  <meta name='ocr-system' content='tesseract 3.04.00' />
  <meta name='ocr-capabilities' content='ocr_page ocr_carea ocr_par ocr_line ocrx_word'/>
</head>
<body>
  <div class='ocr_page' id='page_1' title='image "./deoriginegentiu00staagoog_0049.png"; bbox 0 0 3004 5066; ppageno 0'>
   <div class='ocr_carea' id='block_1_1' title="bbox 513 417 671 468">
    <p class='ocr_par' dir='ltr' id='par_1_1' title="bbox 513 417 671 468">
     <span class='ocr_line' id='line_1_1' title="bbox 513 417 671 468; baseline 0 -16"><span class='ocrx_word' id='word_1_1' title='bbox 513 417 671 468; x_wconf 37' lang='grc'>*43-</span> 
     </span>
    </p>
   </div>
   <div class='ocr_carea' id='block_1_2' title="bbox 17 575 1194 2881">
    <p class='ocr_par' dir='ltr' id='par_1_2' title="bbox 33 575 1194 1274">
     <span class='ocr_line' id='line_1_2' title="bbox 37 575 1194 658; baseline -0.003 -18"><span class='ocrx_word' id='word_1_2' title='bbox 37 575 203 658; x_wconf 81' lang='lat' dir='ltr'>imaginem</span> <span class='ocrx_word' id='word_1_3' title='bbox 227 577 413 654; x_wconf 80' lang='lat' dir='ltr'><strong>reddiderit,</strong></span> <span class='ocrx_word' id='word_1_4' title='bbox 437 599 516 658; x_wconf 91' lang='lat' dir='ltr'>quos</span> <span class='ocrx_word' id='word_1_5' title='bbox 538 579 730 641; x_wconf 72' lang='lat' dir='ltr'>recentiores</span> <span class='ocrx_word' id='word_1_6' title='bbox 753 577 960 641; x_wconf 87' lang='lat' dir='ltr'>usitatissimo</span> <span class='ocrx_word' id='word_1_7' title='bbox 981 578 1137 641; x_wconf 86' lang='lat' dir='ltr'>uocabulo</span> <span class='ocrx_word' id='word_1_8' title='bbox 1187 611 1194 636; x_wconf 68' lang='lat'><em>1</em></span> 
     </span>
     <span class='ocr_line' id='line_1_3' title="bbox 35 677 1136 760; baseline 0 -20"><span class='ocrx_word' id='word_1_9' title='bbox 35 677 140 758; x_wconf 89' lang='lat' dir='ltr'>populi</span> <span class='ocrx_word' id='word_1_10' title='bbox 162 679 477 758; x_wconf 74' lang='lat' dir='ltr'>repraesentationes</span> <span class='ocrx_word' id='word_1_11' title='bbox 501 678 660 760; x_wconf 90' lang='lat' dir='ltr'>appellare</span> <span class='ocrx_word' id='word_1_12' title='bbox 676 679 824 742; x_wconf 89' lang='lat' dir='ltr'>solemus.</span> <span class='ocrx_word' id='word_1_13' title='bbox 859 678 963 753; x_wconf 82' lang='lat' dir='ltr'>Quare</span> <span class='ocrx_word' id='word_1_14' title='bbox 979 701 1049 742; x_wconf 86' lang='lat' dir='ltr'>eam</span> <span class='ocrx_word' id='word_1_15' title='bbox 1065 699 1136 742; x_wconf 88' lang='lat' dir='ltr'>sen-</span> 
     </span>
     <span class='ocr_line' id='line_1_4' title="bbox 35 779 1136 860; baseline 0.001 -19"><span class='ocrx_word' id='word_1_16' title='bbox 35 779 173 855; x_wconf 77' lang='lat' dir='ltr'>tentiam,</span> <span class='ocrx_word' id='word_1_17' title='bbox 210 802 310 860; x_wconf 90' lang='lat' dir='ltr'>quam</span> <span class='ocrx_word' id='word_1_18' title='bbox 342 781 509 860; x_wconf 91' lang='lat' dir='ltr'>proposuit</span> <span class='ocrx_word' id='word_1_19' title='bbox 543 779 680 860; x_wconf 83' lang='lat' dir='ltr'>Herzog,</span> <span class='ocrx_word' id='word_1_20' title='bbox 714 780 753 842; x_wconf 87' lang='lat' dir='ltr'>iis</span> <span class='ocrx_word' id='word_1_21' title='bbox 786 779 1000 844; x_wconf 72' lang='lat' dir='ltr'>fundamentis</span> <span class='ocrx_word' id='word_1_22' title='bbox 1030 801 1136 842; x_wconf 89' lang='lat' dir='ltr'>carere</span> 
     </span>
     <span class='ocr_line' id='line_1_5' title="bbox 35 879 1136 963; baseline 0.001 -21"><span class='ocrx_word' id='word_1_23' title='bbox 35 879 188 957; x_wconf 83' lang='lat' dir='ltr'>eristim0‚</span> <span class='ocrx_word' id='word_1_24' title='bbox 226 880 344 960; x_wconf 85' lang='lat' dir='ltr'>quibus</span> <span class='ocrx_word' id='word_1_25' title='bbox 377 884 447 944; x_wconf 89' lang='lat' dir='ltr'>tuto</span> <span class='ocrx_word' id='word_1_26' title='bbox 481 881 641 944; x_wconf 90' lang='lat' dir='ltr'>aedificari</span> <span class='ocrx_word' id='word_1_27' title='bbox 674 881 791 963; x_wconf 82' lang='lat' dir='ltr'>possit3</span> <span class='ocrx_word' id='word_1_28' title='bbox 826 885 858 944; x_wconf 92' lang='lat' dir='ltr'>et</span> <span class='ocrx_word' id='word_1_29' title='bbox 886 882 919 943; x_wconf 89' lang='lat' dir='ltr'>in</span> <span class='ocrx_word' id='word_1_30' title='bbox 941 903 1081 944; x_wconf 86' lang='lat' dir='ltr'>summas</span> <span class='ocrx_word' id='word_1_31' title='bbox 1103 903 1136 944; x_wconf 88' lang='lat' dir='ltr'>se</span> 
     </span>
     <span class='ocr_line' id='line_1_6' title="bbox 33 973 1137 1066; baseline 0.003 -23"><span class='ocrx_word' id='word_1_32' title='bbox 33 980 273 1062; x_wconf 88' lang='lat' dir='ltr'>implicaturum</span> <span class='ocrx_word' id='word_1_33' title='bbox 306 973 520 1059; x_wconf 70' lang='lat' dir='ltr'>difficultatea</span> <span class='ocrx_word' id='word_1_34' title='bbox 555 982 608 1063; x_wconf 92' lang='lat' dir='ltr'>qui</span> <span class='ocrx_word' id='word_1_35' title='bbox 632 983 847 1046; x_wconf 88' lang='lat' dir='ltr'>demonstrare</span> <span class='ocrx_word' id='word_1_36' title='bbox 871 983 1006 1058; x_wconf 79' lang='lat' dir='ltr'>studeat,</span> <span class='ocrx_word' id='word_1_37' title='bbox 1026 990 1137 1066; x_wconf 83' lang='lat' dir='ltr'>putres</span> 
     </span>
     <span class='ocr_line' id='line_1_7' title="bbox 33 1083 1138 1166; baseline 0.002 -22"><span class='ocrx_word' id='word_1_38' title='bbox 33 1083 293 1162; x_wconf 88' lang='lat' dir='ltr'>antiquissimum</span> <span class='ocrx_word' id='word_1_39' title='bbox 329 1087 484 1159; x_wconf 86' lang='lat' dir='ltr'>senatum,</span> <span class='ocrx_word' id='word_1_40' title='bbox 514 1084 675 1166; x_wconf 67' lang='lat' dir='ltr'>patricios</span> <span class='ocrx_word' id='word_1_41' title='bbox 697 1105 784 1146; x_wconf 54' lang='lat' dir='ltr'>‘uero</span> <span class='ocrx_word' id='word_1_42' title='bbox 819 1105 928 1146; x_wconf 88' lang='lat' dir='ltr'>omnes</span> <span class='ocrx_word' id='word_1_43' title='bbox 958 1088 1084 1146; x_wconf 91' lang='lat' dir='ltr'>ueteres</span> <span class='ocrx_word' id='word_1_44' title='bbox 1106 1089 1138 1146; x_wconf 88' lang='lat' dir='ltr'>et</span> 
     </span>
     <span class='ocr_line' id='line_1_8' title="bbox 34 1183 438 1274; baseline 0 -28"><span class='ocrx_word' id='word_1_45' title='bbox 34 1184 186 1264; x_wconf 86' lang='lat' dir='ltr'>genuinos</span> <span class='ocrx_word' id='word_1_46' title='bbox 211 1183 438 1274; x_wconf 53' lang='grc'>11111111111.1</span> 
     </span>
    </p>

    <p class='ocr_par' dir='ltr' id='par_1_3' title="bbox 17 1283 1139 2881">
     <span class='ocr_line' id='line_1_9' title="bbox 132 1283 1136 1366; baseline 0 -18"><span class='ocrx_word' id='word_1_47' title='bbox 132 1283 305 1359; x_wconf 83' lang='lat' dir='ltr'>Quoniam.</span> <span class='ocrx_word' id='word_1_48' title='bbox 324 1289 450 1366; x_wconf 88' lang='lat' dir='ltr'>patrum</span> <span class='ocrx_word' id='word_1_49' title='bbox 477 1285 603 1348; x_wconf 90' lang='lat' dir='ltr'>nomine</span> <span class='ocrx_word' id='word_1_50' title='bbox 633 1307 651 1346; x_wconf 90' lang='grc'>1</span> <span class='ocrx_word' id='word_1_51' title='bbox 679 1285 886 1366; x_wconf 85' lang='lat' dir='ltr'>scriptoribus</span> <span class='ocrx_word' id='word_1_52' title='bbox 909 1285 1015 1348; x_wconf 87' lang='lat' dir='ltr'>latinis</span> <span class='ocrx_word' id='word_1_53' title='bbox 1037 1286 1136 1366; x_wconf 89' lang='lat' dir='ltr'>signi-</span> 
     </span>
     <span class='ocr_line' id='line_1_10' title="bbox 33 1386 1136 1468; baseline 0.002 -20"><span class='ocrx_word' id='word_1_54' title='bbox 33 1387 166 1448; x_wconf 90' lang='lat' dir='ltr'>ficantur</span> <span class='ocrx_word' id='word_1_55' title='bbox 199 1391 233 1450; x_wconf 93' lang='lat' dir='ltr'>et</span> <span class='ocrx_word' id='word_1_56' title='bbox 266 1408 375 1450; x_wconf 89' lang='lat' dir='ltr'>omnes</span> <span class='ocrx_word' id='word_1_57' title='bbox 408 1387 440 1462; x_wconf 94' lang='grc'>11,</span> <span class='ocrx_word' id='word_1_58' title='bbox 469 1387 522 1466; x_wconf 94' lang='lat' dir='ltr'>qui</span> <span class='ocrx_word' id='word_1_59' title='bbox 553 1386 679 1466; x_wconf 86' lang='lat' dir='ltr'>patricii</span> <span class='ocrx_word' id='word_1_60' title='bbox 706 1387 831 1468; x_wconf 89' lang='lat' dir='ltr'>generis</span> <span class='ocrx_word' id='word_1_61' title='bbox 854 1391 954 1463; x_wconf 83' lang='lat' dir='ltr'>erant,</span> <span class='ocrx_word' id='word_1_62' title='bbox 977 1392 1009 1450; x_wconf 93' lang='lat' dir='ltr'>et</span> <span class='ocrx_word' id='word_1_63' title='bbox 1031 1388 1136 1468; x_wconf 87' lang='lat' dir='ltr'>regius</span> 
     </span>
     <span class='ocr_line' id='line_1_11' title="bbox 34 1487 1135 1570; baseline 0.004 -22"><span class='ocrx_word' id='word_1_64' title='bbox 34 1491 159 1550; x_wconf 84' lang='lat' dir='ltr'>senatus</span> <span class='ocrx_word' id='word_1_65' title='bbox 191 1487 248 1550; x_wconf 91' lang='lat' dir='ltr'>uel</span> <span class='ocrx_word' id='word_1_66' title='bbox 272 1525 309 1534; x_wconf 87' lang='lat'>-·</span> <span class='ocrx_word' id='word_1_67' title='bbox 334 1487 388 1550; x_wconf 91' lang='lat' dir='ltr'>ubi</span> <span class='ocrx_word' id='word_1_68' title='bbox 411 1488 449 1550; x_wconf 89' lang='lat' dir='ltr'>de</span> <span class='ocrx_word' id='word_1_69' title='bbox 473 1487 592 1550; x_wconf 87' lang='lat' dir='ltr'>liberae</span> <span class='ocrx_word' id='word_1_70' title='bbox 616 1487 829 1568; x_wconf 87' lang='lat' dir='ltr'>reipublicae</span> <span class='ocrx_word' id='word_1_71' title='bbox 852 1487 946 1551; x_wconf 89' lang='lat' dir='ltr'>rebus</span> <span class='ocrx_word' id='word_1_72' title='bbox 969 1489 1075 1570; x_wconf 89' lang='lat' dir='ltr'>agitur</span> <span class='ocrx_word' id='word_1_73' title='bbox 1097 1525 1135 1532; x_wconf 78' lang='lat'>—</span> 
     </span>
     <span class='ocr_line' id='line_1_12' title="bbox 35 1588 1139 1668; baseline 0.004 -19"><span class='ocrx_word' id='word_1_74' title='bbox 35 1588 167 1668; x_wconf 88' lang='lat' dir='ltr'>patricia</span> <span class='ocrx_word' id='word_1_75' title='bbox 202 1593 333 1651; x_wconf 83' lang='lat' dir='ltr'>senatus</span> <span class='ocrx_word' id='word_1_76' title='bbox 367 1611 450 1668; x_wconf 79' lang='lat' dir='ltr'>pars,</span> <span class='ocrx_word' id='word_1_77' title='bbox 485 1589 715 1651; x_wconf 88' lang='lat' dir='ltr'>decernendum</span> <span class='ocrx_word' id='word_1_78' title='bbox 749 1611 817 1652; x_wconf 86' lang='lat' dir='ltr'>esse</span> <span class='ocrx_word' id='word_1_79' title='bbox 840 1589 914 1666; x_wconf 81' lang='lat' dir='ltr'>dixi,</span> <span class='ocrx_word' id='word_1_80' title='bbox 937 1595 1007 1652; x_wconf 91' lang='lat' dir='ltr'>uter</span> <span class='ocrx_word' id='word_1_81' title='bbox 1030 1611 1139 1654; x_wconf 86' lang='lat' dir='ltr'>sensus</span> 
     </span>
     <span class='ocr_line' id='line_1_13' title="bbox 36 1688 1138 1774; baseline 0.005 -25"><span class='ocrx_word' id='word_1_82' title='bbox 36 1689 193 1774; x_wconf 73' lang='lat' dir='ltr'>antiquior</span> <span class='ocrx_word' id='word_1_83' title='bbox 218 1694 313 1752; x_wconf 84' lang='lat' dir='ltr'>esset.</span> <span class='ocrx_word' id='word_1_84' title='bbox 346 1688 402 1751; x_wconf 75' lang='lat' dir='ltr'>Et</span> <span class='ocrx_word' id='word_1_85' title='bbox 424 1710 494 1751; x_wconf 88' lang='lat' dir='ltr'>cum</span> <span class='ocrx_word' id='word_1_86' title='bbox 518 1689 702 1769; x_wconf 76' lang='lat' dir='ltr'>cogitarem,</span> <span class='ocrx_word' id='word_1_87' title='bbox 722 1711 831 1752; x_wconf 90' lang='lat' dir='ltr'>eorum</span> <span class='ocrx_word' id='word_1_88' title='bbox 847 1691 987 1753; x_wconf 90' lang='lat' dir='ltr'>uirorum</span> <span class='ocrx_word' id='word_1_89' title='bbox 1003 1695 1138 1767; x_wconf 85' lang='lat' dir='ltr'>coetum,</span> 
     </span>
     <span class='ocr_line' id='line_1_14' title="bbox 37 1790 1138 1872; baseline 0.003 -21"><span class='ocrx_word' id='word_1_90' title='bbox 37 1790 86 1868; x_wconf 91' lang='lat' dir='ltr'>qui</span> <span class='ocrx_word' id='word_1_91' title='bbox 113 1795 169 1854; x_wconf 90' lang='lat' dir='ltr'>aut</span> <span class='ocrx_word' id='word_1_92' title='bbox 201 1792 273 1872; x_wconf 92' lang='lat' dir='ltr'>regi</span> <span class='ocrx_word' id='word_1_93' title='bbox 296 1791 328 1853; x_wconf 93' lang='lat' dir='ltr'>in</span> <span class='ocrx_word' id='word_1_94' title='bbox 353 1790 485 1854; x_wconf 87' lang='lat' dir='ltr'>consilio</span> <span class='ocrx_word' id='word_1_95' title='bbox 508 1795 613 1853; x_wconf 88' lang='lat' dir='ltr'>essent</span> <span class='ocrx_word' id='word_1_96' title='bbox 636 1795 691 1854; x_wconf 92' lang='lat' dir='ltr'>aut</span> <span class='ocrx_word' id='word_1_97' title='bbox 713 1791 842 1854; x_wconf 84' lang='lat' dir='ltr'>maximi</span> <span class='ocrx_word' id='word_1_98' title='bbox 865 1792 1018 1854; x_wconf 86' lang='lat' dir='ltr'>momenti</span> <span class='ocrx_word' id='word_1_99' title='bbox 1042 1814 1138 1872; x_wconf 90' lang='lat' dir='ltr'>quae-</span> 
     </span>
     <span class='ocr_line' id='line_1_15' title="bbox 36 1891 1138 1974; baseline 0.004 -23"><span class='ocrx_word' id='word_1_100' title='bbox 36 1891 103 1952; x_wconf 90' lang='lat' dir='ltr'>dam</span> <span class='ocrx_word' id='word_1_101' title='bbox 133 1913 272 1955; x_wconf 90' lang='lat' dir='ltr'>munera</span> <span class='ocrx_word' id='word_1_102' title='bbox 302 1913 359 1973; x_wconf 89' lang='lat' dir='ltr'>per</span> <span class='ocrx_word' id='word_1_103' title='bbox 381 1913 414 1954; x_wconf 90' lang='lat' dir='ltr'>se</span> <span class='ocrx_word' id='word_1_104' title='bbox 438 1892 704 1968; x_wconf 76' lang='lat' dir='ltr'>administrarent,</span> <span class='ocrx_word' id='word_1_105' title='bbox 729 1914 823 1971; x_wconf 91' lang='lat' dir='ltr'>quam</span> <span class='ocrx_word' id='word_1_106' title='bbox 846 1893 1010 1974; x_wconf 87' lang='lat' dir='ltr'>aptissime</span> <span class='ocrx_word' id='word_1_107' title='bbox 1031 1897 1138 1974; x_wconf 88' lang='lat' dir='ltr'>patres</span> 
     </span>
     <span class='ocr_line' id='line_1_16' title="bbox 36 1992 1138 2074; baseline 0.004 -22"><span class='ocrx_word' id='word_1_108' title='bbox 36 1992 197 2072; x_wconf 79' lang='lat' dir='ltr'>appellari,</span> <span class='ocrx_word' id='word_1_109' title='bbox 221 1993 317 2074; x_wconf 90' lang='lat' dir='ltr'>plane</span> <span class='ocrx_word' id='word_1_110' title='bbox 341 1993 380 2055; x_wconf 90' lang='lat' dir='ltr'>ad</span> <span class='ocrx_word' id='word_1_111' title='bbox 402 1997 545 2056; x_wconf 89' lang='lat' dir='ltr'>ueterum</span> <span class='ocrx_word' id='word_1_112' title='bbox 560 1994 750 2074; x_wconf 87' lang='lat' dir='ltr'>scriptorum</span> <span class='ocrx_word' id='word_1_113' title='bbox 762 1993 952 2056; x_wconf 87' lang='lat' dir='ltr'>sententiam</span> <span class='ocrx_word' id='word_1_114' title='bbox 967 1993 1051 2056; x_wconf 88' lang='lat' dir='ltr'>hunc</span> <span class='ocrx_word' id='word_1_115' title='bbox 1066 2015 1138 2056; x_wconf 89' lang='lat' dir='ltr'>sen·</span> 
     </span>
     <span class='ocr_line' id='line_1_17' title="bbox 37 2095 1139 2176; baseline 0.003 -21"><span class='ocrx_word' id='word_1_116' title='bbox 37 2115 101 2156; x_wconf 85' lang='lat' dir='ltr'>sum</span> <span class='ocrx_word' id='word_1_117' title='bbox 134 2096 352 2176; x_wconf 85' lang='lat' dir='ltr'>antiquiorem</span> <span class='ocrx_word' id='word_1_118' title='bbox 386 2117 456 2158; x_wconf 88' lang='lat' dir='ltr'>esse</span> <span class='ocrx_word' id='word_1_119' title='bbox 490 2097 610 2175; x_wconf 91' lang='lat' dir='ltr'>putaui.</span> <span class='ocrx_word' id='word_1_120' title='bbox 654 2095 698 2158; x_wconf 80' lang='lat' dir='ltr'>Et</span> <span class='ocrx_word' id='word_1_121' title='bbox 732 2096 807 2174; x_wconf 90' lang='lat' dir='ltr'>quid</span> <span class='ocrx_word' id='word_1_122' title='bbox 838 2117 877 2158; x_wconf 85' lang='lat' dir='ltr'>ex</span> <span class='ocrx_word' id='word_1_123' title='bbox 899 2096 1050 2176; x_wconf 91' lang='lat' dir='ltr'>primaria</span> <span class='ocrx_word' id='word_1_124' title='bbox 1072 2096 1139 2158; x_wconf 90' lang='lat' dir='ltr'>eius</span> 
     </span>
     <span class='ocr_line' id='line_1_18' title="bbox 37 2193 1139 2277; baseline 0.003 -20"><span class='ocrx_word' id='word_1_125' title='bbox 37 2195 181 2259; x_wconf 87' lang='lat' dir='ltr'>uocabuli</span> <span class='ocrx_word' id='word_1_126' title='bbox 216 2193 347 2260; x_wconf 89' lang='lat' dir='ltr'>notione</span> <span class='ocrx_word' id='word_1_127' title='bbox 372 2197 419 2258; x_wconf 89' lang='lat' dir='ltr'>de</span> <span class='ocrx_word' id='word_1_128' title='bbox 452 2196 595 2277; x_wconf 89' lang='lat' dir='ltr'>patriciis</span> <span class='ocrx_word' id='word_1_129' title='bbox 627 2197 802 2276; x_wconf 88' lang='lat' dir='ltr'>putandum</span> <span class='ocrx_word' id='word_1_130' title='bbox 834 2196 885 2272; x_wconf 89' lang='grc'><strong>111,</strong></span> <span class='ocrx_word' id='word_1_131' title='bbox 916 2201 1047 2261; x_wconf 89' lang='lat' dir='ltr'>conatus</span> <span class='ocrx_word' id='word_1_132' title='bbox 1070 2219 1139 2260; x_wconf 88' lang='lat' dir='ltr'>sum</span> 
     </span>
     <span class='ocr_line' id='line_1_19' title="bbox 39 2297 1138 2381; baseline 0.003 -23"><span class='ocrx_word' id='word_1_133' title='bbox 39 2300 184 2360; x_wconf 88' lang='lat' dir='ltr'>statuere.</span> <span class='ocrx_word' id='word_1_134' title='bbox 221 2297 285 2362; x_wconf 86' lang='lat' dir='ltr'>Sed</span> <span class='ocrx_word' id='word_1_135' title='bbox 308 2302 381 2360; x_wconf 90' lang='lat' dir='ltr'>sunt</span> <span class='ocrx_word' id='word_1_136' title='bbox 403 2298 457 2378; x_wconf 89' lang='lat' dir='ltr'>qui</span> <span class='ocrx_word' id='word_1_137' title='bbox 480 2297 612 2360; x_wconf 87' lang='lat' dir='ltr'>alterum</span> <span class='ocrx_word' id='word_1_138' title='bbox 636 2297 783 2361; x_wconf 90' lang='lat' dir='ltr'>uocabuli</span> <span class='ocrx_word' id='word_1_139' title='bbox 803 2304 916 2380; x_wconf 84' lang='lat' dir='ltr'>potres</span> <span class='ocrx_word' id='word_1_140' title='bbox 931 2320 1058 2361; x_wconf 89' lang='lat' dir='ltr'>sensum</span> <span class='ocrx_word' id='word_1_141' title='bbox 1072 2300 1138 2381; x_wconf 90' lang='lat' dir='ltr'>pri-</span> 
     </span>
     <span class='ocr_line' id='line_1_20' title="bbox 17 2384 1139 2480; baseline 0.004 -22"><span class='ocrx_word' id='word_1_142' title='bbox 17 2398 169 2480; x_wconf 45' lang='lat' dir='ltr'>,marium</span> <span class='ocrx_word' id='word_1_143' title='bbox 201 2399 310 2462; x_wconf 84' lang='lat' dir='ltr'>fuisse</span> <span class='ocrx_word' id='word_1_144' title='bbox 332 2399 524 2475; x_wconf 78' lang='lat' dir='ltr'>existiment,</span> <span class='ocrx_word' id='word_1_145' title='bbox 548 2384 682 2479; x_wconf 80' lang='lat' dir='ltr'>querum</span> <span class='ocrx_word' id='word_1_146' title='bbox 704 2399 843 2461; x_wconf 89' lang='lat' dir='ltr'>nondum</span> <span class='ocrx_word' id='word_1_147' title='bbox 866 2399 1044 2462; x_wconf 82' lang='lat' dir='ltr'>examinaui</span> <span class='ocrx_word' id='word_1_148' title='bbox 1067 2421 1139 2464; x_wconf 90' lang='lat' dir='ltr'>sen·</span> 
     </span>
     <span class='ocr_line' id='line_1_21' title="bbox 38 2499 1139 2581; baseline 0.003 -21"><span class='ocrx_word' id='word_1_149' title='bbox 38 2501 166 2576; x_wconf 82' lang='lat' dir='ltr'>tentias3</span> <span class='ocrx_word' id='word_1_150' title='bbox 201 2502 301 2564; x_wconf 93' lang='lat' dir='ltr'>immo</span> <span class='ocrx_word' id='word_1_151' title='bbox 332 2521 396 2564; x_wconf 91' lang='lat' dir='ltr'>non</span> <span class='ocrx_word' id='word_1_152' title='bbox 429 2499 607 2576; x_wconf 77' lang='lat' dir='ltr'>defuerunt,</span> <span class='ocrx_word' id='word_1_153' title='bbox 639 2500 693 2581; x_wconf 92' lang='lat' dir='ltr'>qui</span> <span class='ocrx_word' id='word_1_154' title='bbox 715 2504 821 2580; x_wconf 89' lang='lat' dir='ltr'>patres</span> <span class='ocrx_word' id='word_1_155' title='bbox 853 2499 893 2562; x_wconf 90' lang='lat' dir='ltr'>ab</span> <span class='ocrx_word' id='word_1_156' title='bbox 924 2499 1016 2562; x_wconf 91' lang='lat' dir='ltr'>initio</span> <span class='ocrx_word' id='word_1_157' title='bbox 1038 2521 1139 2580; x_wconf 90' lang='lat' dir='ltr'>neque</span> 
     </span>
     <span class='ocr_line' id='line_1_22' title="bbox 41 2601 1139 2682; baseline 0.002 -20"><span class='ocrx_word' id='word_1_158' title='bbox 41 2621 144 2664; x_wconf 91' lang='lat' dir='ltr'>omnes</span> <span class='ocrx_word' id='word_1_159' title='bbox 168 2603 347 2665; x_wconf 87' lang='lat' dir='ltr'>arohioiues</span> <span class='ocrx_word' id='word_1_160' title='bbox 363 2603 430 2665; x_wconf 88' lang='lat' dir='ltr'>siue</span> <span class='ocrx_word' id='word_1_161' title='bbox 448 2602 575 2682; x_wconf 89' lang='lat' dir='ltr'>patricii</span> <span class='ocrx_word' id='word_1_162' title='bbox 590 2602 715 2682; x_wconf 92' lang='lat' dir='ltr'>generis</span> <span class='ocrx_word' id='word_1_163' title='bbox 731 2601 817 2663; x_wconf 90' lang='lat' dir='ltr'>uiros</span> <span class='ocrx_word' id='word_1_164' title='bbox 833 2621 935 2679; x_wconf 89' lang='lat' dir='ltr'>neque</span> <span class='ocrx_word' id='word_1_165' title='bbox 951 2601 1074 2681; x_wconf 89' lang='lat' dir='ltr'>regium</span> <span class='ocrx_word' id='word_1_166' title='bbox 1089 2624 1139 2664; x_wconf 87' lang='lat' dir='ltr'>se-</span> 
     </span>
     <span class='ocr_line' id='line_1_23' title="bbox 40 2701 1139 2783; baseline 0.003 -21"><span class='ocrx_word' id='word_1_167' title='bbox 40 2706 143 2765; x_wconf 89' lang='lat' dir='ltr'>natum</span> <span class='ocrx_word' id='word_1_168' title='bbox 166 2703 268 2767; x_wconf 84' lang='lat' dir='ltr'>fuisse</span> <span class='ocrx_word' id='word_1_169' title='bbox 291 2704 470 2778; x_wconf 87' lang='lat' dir='ltr'>crederent;</span> <span class='ocrx_word' id='word_1_170' title='bbox 494 2703 516 2764; x_wconf 91' lang='lat' dir='ltr'>ii</span> <span class='ocrx_word' id='word_1_171' title='bbox 540 2703 635 2766; x_wconf 90' lang='lat' dir='ltr'>etiam</span> <span class='ocrx_word' id='word_1_172' title='bbox 660 2703 743 2782; x_wconf 91' lang='lat' dir='ltr'>quod</span> <span class='ocrx_word' id='word_1_173' title='bbox 764 2701 975 2781; x_wconf 84' lang='lat' dir='ltr'>protulerunt,</span> <span class='ocrx_word' id='word_1_174' title='bbox 1000 2701 1051 2765; x_wconf 89' lang='lat' dir='ltr'>hic</span> <span class='ocrx_word' id='word_1_175' title='bbox 1067 2725 1139 2783; x_wconf 92' lang='lat' dir='ltr'>per-</span> 
     </span>
     <span class='ocr_line' id='line_1_24' title="bbox 40 2805 319 2881; baseline 0.014 -17"><span class='ocrx_word' id='word_1_176' title='bbox 40 2805 239 2881; x_wconf 90' lang='lat' dir='ltr'>pendendum</span> <span class='ocrx_word' id='word_1_177' title='bbox 262 2810 319 2868; x_wconf 89' lang='lat' dir='ltr'>est.</span> 
     </span>
    </p>
   </div>
   <div class='ocr_carea' id='block_1_3' title="bbox 17 2921 1142 3914">
    <p class='ocr_par' dir='ltr' id='par_1_4' title="bbox 17 2921 1142 3914">
     <span class='ocr_line' id='line_1_25' title="bbox 17 2921 1140 3004; baseline 0.001 -20"><span class='ocrx_word' id='word_1_178' title='bbox 17 2927 18 2930; x_wconf 73' lang='grc'>’</span> <span class='ocrx_word' id='word_1_179' title='bbox 105 2942 109 2952; x_wconf 83' lang='grc'><strong>“</strong></span> <span class='ocrx_word' id='word_1_180' title='bbox 135 2921 248 2986; x_wconf 87' lang='lat' dir='ltr'>Primo</span> <span class='ocrx_word' id='word_1_181' title='bbox 281 2923 352 2987; x_wconf 89' lang='lat' dir='ltr'>loco</span> <span class='ocrx_word' id='word_1_182' title='bbox 384 2922 480 2985; x_wconf 85' lang='lat' dir='ltr'>liceat</span> <span class='ocrx_word' id='word_1_183' title='bbox 512 2921 636 2998; x_wconf 85' lang='lat' dir='ltr'>afferre,</span> <span class='ocrx_word' id='word_1_184' title='bbox 660 2945 740 3003; x_wconf 92' lang='lat' dir='ltr'>quae</span> <span class='ocrx_word' id='word_1_185' title='bbox 763 2925 801 2987; x_wconf 91' lang='lat' dir='ltr'>de</span> <span class='ocrx_word' id='word_1_186' title='bbox 823 2930 933 2988; x_wconf 86' lang='lat' dir='ltr'>nostra</span> <span class='ocrx_word' id='word_1_187' title='bbox 956 2924 1140 3004; x_wconf 88' lang='lat' dir='ltr'>quaestione</span> 
     </span>
     <span class='ocr_line' id='line_1_26' title="bbox 40 3021 1139 3108; baseline 0.005 -26"><span class='ocrx_word' id='word_1_188' title='bbox 40 3021 141 3086; x_wconf 91' lang='lat' dir='ltr'>docuit</span> <span class='ocrx_word' id='word_1_189' title='bbox 164 3025 208 3088; x_wconf 91' lang='lat' dir='ltr'>H.</span> <span class='ocrx_word' id='word_1_190' title='bbox 234 3023 318 3088; x_wconf 67' lang='lat' dir='ltr'>(lenz</span> <span class='ocrx_word' id='word_1_191' title='bbox 340 3023 433 3100; x_wconf 82' lang='lat' dir='ltr'>libro,</span> <span class='ocrx_word' id='word_1_192' title='bbox 457 3023 511 3103; x_wconf 90' lang='lat' dir='ltr'>qui</span> <span class='ocrx_word' id='word_1_193' title='bbox 533 3023 717 3087; x_wconf 89' lang='lat' dir='ltr'>inscribitur</span> <span class='ocrx_word' id='word_1_194' title='bbox 740 3025 810 3088; x_wconf 84' lang='lat' dir='ltr'>Dus</span> <span class='ocrx_word' id='word_1_195' title='bbox 833 3025 1027 3108; x_wconf 81' lang='lat' dir='ltr'>patriciscbe</span> <span class='ocrx_word' id='word_1_196' title='bbox 1051 3025 1139 3088; x_wconf 81' lang='lat' dir='ltr'>Rom.</span> 
     </span>
     <span class='ocr_line' id='line_1_27' title="bbox 41 3121 1140 3214; baseline 0.005 -30"><span class='ocrx_word' id='word_1_197' title='bbox 41 3121 151 3188; x_wconf 82' lang='lat' dir='ltr'>Berlin</span> <span class='ocrx_word' id='word_1_198' title='bbox 175 3127 271 3205; x_wconf 79' lang='grc'><strong>1878,</strong></span> <span class='ocrx_word' id='word_1_199' title='bbox 295 3125 378 3214; x_wconf 90' lang='lat' dir='ltr'>quod</span> <span class='ocrx_word' id='word_1_200' title='bbox 401 3125 468 3187; x_wconf 86' lang='lat' dir='ltr'>eius</span> <span class='ocrx_word' id='word_1_201' title='bbox 491 3124 649 3188; x_wconf 88' lang='lat' dir='ltr'>sententia</span> <span class='ocrx_word' id='word_1_202' title='bbox 672 3125 711 3188; x_wconf 93' lang='lat' dir='ltr'>ad</span> <span class='ocrx_word' id='word_1_203' title='bbox 726 3125 814 3188; x_wconf 89' lang='lat' dir='ltr'>illam</span> <span class='ocrx_word' id='word_1_204' title='bbox 829 3127 982 3208; x_wconf 86' lang='lat' dir='ltr'>Herzogii</span> <span class='ocrx_word' id='word_1_205' title='bbox 998 3127 1140 3207; x_wconf 88' lang='lat' dir='ltr'>proxime</span> 
     </span>
     <span class='ocr_line' id='line_1_28' title="bbox 44 3226 1140 3309; baseline 0.005 -25"><span class='ocrx_word' id='word_1_206' title='bbox 44 3227 169 3290; x_wconf 86' lang='lat' dir='ltr'>accedit.</span> <span class='ocrx_word' id='word_1_207' title='bbox 209 3227 324 3290; x_wconf 82' lang='lat' dir='ltr'>Patres</span> <span class='ocrx_word' id='word_1_208' title='bbox 339 3249 393 3290; x_wconf 90' lang='lat' dir='ltr'>eos</span> <span class='ocrx_word' id='word_1_209' title='bbox 410 3226 585 3307; x_wconf 88' lang='lat' dir='ltr'>appellatos</span> <span class='ocrx_word' id='word_1_210' title='bbox 601 3231 702 3307; x_wconf 82' lang='lat' dir='ltr'>putat,</span> <span class='ocrx_word' id='word_1_211' title='bbox 719 3229 772 3308; x_wconf 93' lang='lat' dir='ltr'>qui</span> <span class='ocrx_word' id='word_1_212' title='bbox 788 3227 982 3309; x_wconf 89' lang='lat' dir='ltr'>singularum</span> <span class='ocrx_word' id='word_1_213' title='bbox 1000 3228 1140 3308; x_wconf 89' lang='lat' dir='ltr'>gentium</span> 
     </span>
     <span class='ocr_line' id='line_1_29' title="bbox 42 3325 1141 3410; baseline 0.005 -24"><span class='ocrx_word' id='word_1_214' title='bbox 42 3325 252 3408; x_wconf 90' lang='lat' dir='ltr'>principatum</span> <span class='ocrx_word' id='word_1_215' title='bbox 271 3327 448 3391; x_wconf 88' lang='lat' dir='ltr'>hereditate</span> <span class='ocrx_word' id='word_1_216' title='bbox 465 3333 570 3390; x_wconf 87' lang='lat' dir='ltr'>essent</span> <span class='ocrx_word' id='word_1_217' title='bbox 582 3329 743 3392; x_wconf 87' lang='lat' dir='ltr'>consecuti</span> <span class='ocrx_word' id='word_1_218' title='bbox 756 3329 840 3410; x_wconf 82' lang='lat' dir='ltr'>(“die</span> <span class='ocrx_word' id='word_1_219' title='bbox 854 3327 1141 3410; x_wconf 73' lang='lat' dir='ltr'>Gentilhaupter“),</span> 
     </span>
     <span class='ocr_line' id='line_1_30' title="bbox 44 3429 1142 3511; baseline 0.005 -25"><span class='ocrx_word' id='word_1_220' title='bbox 44 3431 162 3492; x_wconf 87' lang='lat' dir='ltr'>ceteros</span> <span class='ocrx_word' id='word_1_221' title='bbox 185 3451 263 3493; x_wconf 89' lang='lat' dir='ltr'>uero</span> <span class='ocrx_word' id='word_1_222' title='bbox 287 3429 422 3510; x_wconf 85' lang='lat' dir='ltr'>gentiles</span> <span class='ocrx_word' id='word_1_223' title='bbox 443 3430 610 3510; x_wconf 74' lang='lat' dir='ltr'>patricios,</span> <span class='ocrx_word' id='word_1_224' title='bbox 635 3431 718 3510; x_wconf 92' lang='lat' dir='ltr'>quod</span> <span class='ocrx_word' id='word_1_225' title='bbox 741 3431 814 3494; x_wconf 90' lang='lat' dir='ltr'>talis</span> <span class='ocrx_word' id='word_1_226' title='bbox 837 3431 937 3511; x_wconf 90' lang='lat' dir='ltr'>patris</span> <span class='ocrx_word' id='word_1_227' title='bbox 953 3431 1020 3493; x_wconf 91' lang='lat' dir='ltr'>iure</span> <span class='ocrx_word' id='word_1_228' title='bbox 1037 3435 1142 3494; x_wconf 88' lang='lat' dir='ltr'>essent</span> 
     </span>
     <span class='ocr_line' id='line_1_31' title="bbox 43 3523 1142 3612; baseline 0.006 -26"><span class='ocrx_word' id='word_1_229' title='bbox 43 3523 97 3588; x_wconf 91' lang='lat' dir='ltr'>filii</span> <span class='ocrx_word' id='word_1_230' title='bbox 111 3527 130 3590; x_wconf 76' lang='lat'>1.</span> <span class='ocrx_word' id='word_1_231' title='bbox 174 3529 264 3594; x_wconf 90' lang='lat' dir='ltr'>luter</span> <span class='ocrx_word' id='word_1_232' title='bbox 294 3531 365 3594; x_wconf 91' lang='lat' dir='ltr'>illos</span> <span class='ocrx_word' id='word_1_233' title='bbox 399 3530 542 3610; x_wconf 87' lang='lat' dir='ltr'>gentium</span> <span class='ocrx_word' id='word_1_234' title='bbox 575 3535 681 3610; x_wconf 90' lang='lat' dir='ltr'>patres</span> <span class='ocrx_word' id='word_1_235' title='bbox 708 3531 836 3612; x_wconf 76' lang='lat' dir='ltr'>&#39;regium</span> <span class='ocrx_word' id='word_1_236' title='bbox 859 3535 1003 3595; x_wconf 90' lang='lat' dir='ltr'>senatum</span> <span class='ocrx_word' id='word_1_237' title='bbox 1025 3531 1142 3594; x_wconf 90' lang='lat' dir='ltr'>lectum</span> 
     </span>
     <span class='ocr_line' id='line_1_32' title="bbox 44 3625 1140 3712; baseline 0.005 -25"><span class='ocrx_word' id='word_1_238' title='bbox 44 3625 189 3694; x_wconf 90' lang='lat' dir='ltr'>declarat.</span> <span class='ocrx_word' id='word_1_239' title='bbox 233 3631 277 3694; x_wconf 82' lang='lat' dir='ltr'>Et</span> <span class='ocrx_word' id='word_1_240' title='bbox 310 3631 459 3711; x_wconf 90' lang='lat' dir='ltr'>quoniam</span> <span class='ocrx_word' id='word_1_241' title='bbox 493 3631 595 3706; x_wconf 77' lang='lat' dir='ltr'>docet,</span> <span class='ocrx_word' id='word_1_242' title='bbox 629 3631 873 3712; x_wconf 86' lang='lat' dir='ltr'>uniuscuiusque</span> <span class='ocrx_word' id='word_1_243' title='bbox 897 3631 1000 3712; x_wconf 89' lang='lat' dir='ltr'>gentis</span> <span class='ocrx_word' id='word_1_244' title='bbox 1023 3631 1140 3712; x_wconf 87' lang='lat' dir='ltr'>princi-</span> 
     </span>
     <span class='ocr_line' id='line_1_33' title="bbox 44 3731 1140 3812; baseline 0.004 -22"><span class='ocrx_word' id='word_1_245' title='bbox 44 3748 112 3806; x_wconf 85' lang='lat' dir='ltr'>pem</span> <span class='ocrx_word' id='word_1_246' title='bbox 142 3731 211 3795; x_wconf 92' lang='lat' dir='ltr'>iure</span> <span class='ocrx_word' id='word_1_247' title='bbox 241 3732 402 3812; x_wconf 88' lang='lat' dir='ltr'>postulare</span> <span class='ocrx_word' id='word_1_248' title='bbox 425 3731 576 3812; x_wconf 83' lang='lat' dir='ltr'>potuisse,</span> <span class='ocrx_word' id='word_1_249' title='bbox 599 3735 634 3793; x_wconf 93' lang='lat' dir='ltr'>ut</span> <span class='ocrx_word' id='word_1_250' title='bbox 655 3731 739 3794; x_wconf 92' lang='lat' dir='ltr'>inter</span> <span class='ocrx_word' id='word_1_251' title='bbox 761 3737 924 3795; x_wconf 89' lang='lat' dir='ltr'>senatores</span> <span class='ocrx_word' id='word_1_252' title='bbox 947 3733 1106 3812; x_wconf 91' lang='lat' dir='ltr'>legeretur</span> <span class='ocrx_word' id='word_1_253' title='bbox 1119 3732 1140 3807; x_wconf 79' lang='lat'>²,</span> 
     </span>
     <span class='ocr_line' id='line_1_34' title="bbox 44 3827 1138 3914; baseline 0.007 -26"><span class='ocrx_word' id='word_1_254' title='bbox 44 3827 103 3891; x_wconf 87' lang='lat' dir='ltr'>tale</span> <span class='ocrx_word' id='word_1_255' title='bbox 137 3837 264 3896; x_wconf 88' lang='lat' dir='ltr'>senatus</span> <span class='ocrx_word' id='word_1_256' title='bbox 298 3834 458 3914; x_wconf 89' lang='lat' dir='ltr'>specimen</span> <span class='ocrx_word' id='word_1_257' title='bbox 482 3831 627 3908; x_wconf 81' lang='lat' dir='ltr'>confecit,</span> <span class='ocrx_word' id='word_1_258' title='bbox 652 3833 743 3912; x_wconf 91' lang='lat' dir='ltr'>quale</span> <span class='ocrx_word' id='word_1_259' title='bbox 767 3835 850 3913; x_wconf 88' lang='lat' dir='ltr'>apud</span> <span class='ocrx_word' id='word_1_260' title='bbox 872 3833 1066 3914; x_wconf 85' lang='lat' dir='ltr'>Herzogium</span> <span class='ocrx_word' id='word_1_261' title='bbox 1088 3855 1138 3896; x_wconf 91' lang='lat' dir='ltr'>re-</span> 
     </span>
    </p>
   </div>
   <div class='ocr_carea' id='block_1_4' title="bbox 50 3963 239 3976">
    <p class='ocr_par' dir='ltr' id='par_1_5' title="bbox 50 3963 239 3976">
     <span class='ocr_line' id='line_1_35' title="bbox 50 3963 239 3976; baseline 0 0"><span class='ocrx_word' id='word_1_262' title='bbox 50 3963 239 3976; x_wconf 40' lang='grc' dir='ltr'>*ἥκῃ-ᾲψ..</span> 
     </span>
    </p>
   </div>
   <div class='ocr_carea' id='block_1_5' title="bbox 51 4051 1142 4181">
    <p class='ocr_par' dir='ltr' id='par_1_6' title="bbox 51 4051 1142 4181">
     <span class='ocr_line' id='line_1_36' title="bbox 145 4051 1142 4116; baseline 0 -14"><span class='ocrx_word' id='word_1_263' title='bbox 145 4051 153 4079; x_wconf 88' lang='lat'>¹</span> <span class='ocrx_word' id='word_1_264' title='bbox 180 4057 196 4103; x_wconf 92' lang='lat' dir='ltr'>l.</span> <span class='ocrx_word' id='word_1_265' title='bbox 215 4057 231 4103; x_wconf 92' lang='lat' dir='ltr'>l.</span> <span class='ocrx_word' id='word_1_266' title='bbox 251 4071 276 4116; x_wconf 92' lang='lat' dir='ltr'>p.</span> <span class='ocrx_word' id='word_1_267' title='bbox 296 4057 340 4103; x_wconf 80' lang='lat'>24:</span> <span class='ocrx_word' id='word_1_268' title='bbox 371 4055 442 4102; x_wconf 84' lang='lat' dir='ltr'>“weil</span> <span class='ocrx_word' id='word_1_269' title='bbox 465 4059 501 4103; x_wconf 85' lang='lat' dir='ltr'>aie</span> <span class='ocrx_word' id='word_1_270' title='bbox 525 4055 714 4114; x_wconf 76' lang='lat' dir='ltr'>rechtmdsaige</span> <span class='ocrx_word' id='word_1_271' title='bbox 738 4057 823 4102; x_wconf 81' lang='lat' dir='ltr'>Sbhne</span> <span class='ocrx_word' id='word_1_272' title='bbox 846 4059 917 4102; x_wconf 84' lang='lat' dir='ltr'>eines</span> <span class='ocrx_word' id='word_1_273' title='bbox 943 4056 1142 4116; x_wconf 69' lang='grc' dir='ltr'>11111111111111Ι</span> 
     </span>
     <span class='ocr_line' id='line_1_37' title="bbox 51 4135 128 4181; baseline 0.039 -3"><span class='ocrx_word' id='word_1_274' title='bbox 51 4135 128 4181; x_wconf 50' lang='lat' dir='ltr'>mmfl</span> 
     </span>
    </p>
   </div>
   <div class='ocr_carea' id='block_1_6' title="bbox 145 4217 337 4284">
    <p class='ocr_par' dir='ltr' id='par_1_7' title="bbox 145 4217 337 4284">
     <span class='ocr_line' id='line_1_38' title="bbox 145 4217 337 4284; baseline 0.005 -15"><span class='ocrx_word' id='word_1_275' title='bbox 145 4217 154 4247; x_wconf 84' lang='lat'><strong>²</strong></span> <span class='ocrx_word' id='word_1_276' title='bbox 181 4225 196 4270; x_wconf 91' lang='lat' dir='ltr'>l.</span> <span class='ocrx_word' id='word_1_277' title='bbox 216 4225 232 4271; x_wconf 87' lang='lat' dir='ltr'>l.</span> <span class='ocrx_word' id='word_1_278' title='bbox 252 4239 277 4284; x_wconf 90' lang='lat' dir='ltr'>p.</span> <span class='ocrx_word' id='word_1_279' title='bbox 298 4228 337 4272; x_wconf 85' lang='lat'>69.</span> 
     </span>
    </p>
   </div>
   <div class='ocr_carea' id='block_1_7' title="bbox 0 0 1518 5066">
    <p class='ocr_par' dir='ltr' id='par_1_8' title="bbox 0 0 1518 5066">
     <span class='ocr_line' id='line_1_39' title="bbox 0 0 1518 5066; baseline 0 0"><span class='ocrx_word' id='word_1_280' title='bbox 0 0 1518 5066; x_wconf 95' lang='lat' dir='ltr'> </span> 
     </span>
    </p>
   </div>
  </div>
 </body>
</html>
