3004 5066
570 403 729 456 ,35-

94 567 278 648 beslutning
304 565 382 629 eller
404 557 618 628 overhovedet
642 565 699 627 ved
722 587 761 626 en
783 564 920 628 bestemt
942 565 1036 628 dertil
1057 567 1200 649 sigtende

95 707 133 715 —
153 707 190 714 --
209 705 248 712 -
271 665 533 747 Forenstaltning
555 700 593 712 -
610 704 648 712 -
673 687 707 728 er
733 665 832 729 baade
855 666 936 729 efter
958 667 1018 730 den
1034 669 1201 732 romerske

95 770 316 850 Kongemagts
342 767 575 832 Baskaffenhed
603 767 676 848 ogi
699 767 748 848 sig
770 767 836 830 selv
859 767 976 832 aldeles
999 770 1197 852 utaenkelig.“

94 870 209 951 Neque
228 869 316 933 enim
339 874 548 932 narrauerunt
564 905 604 912 -
626 875 753 950 praeter
772 868 963 950 Dionysium
979 905 1016 913 —
1033 870 1203 935 Romulum

95 971 298 1038 nobilitatem
329 970 374 1034 ita
396 970 580 1046 instituisse,
604 975 639 1033 ut
660 975 764 1034 totum
785 971 936 1053 populum
958 972 1041 1034 inter
1062 972 1150 1036 illam
1172 977 1204 1036 et

95 1073 223 1154 plebem
244 1071 471 1148 distribueret,
505 1072 560 1134 sed
589 1071 709 1152 primus
740 1093 796 1134 rex
825 1094 1025 1135 romanorum
1049 1095 1065 1135 e
1088 1074 1204 1136 ciuium

2 1215 3 1220 κ
96 1173 300 1237 multitudine
333 1177 460 1235 centum
493 1171 626 1252 elegisse
660 1173 783 1250 dicitur,
815 1173 869 1253 qui
899 1173 961 1236 sibi
991 1196 1049 1255 pro
1073 1174 1204 1237 consilio

97 1279 217 1348 essent;
251 1295 353 1353 neque
385 1272 553 1335 cuiuslibet
584 1272 708 1353 generis
730 1271 874 1335 homines
898 1273 938 1336 ad
960 1294 1032 1336 eum
1053 1274 1206 1339 honorem

97 1374 228 1438 admissi
251 1395 320 1438 esse
342 1379 520 1450 narrantur,
544 1395 617 1436 nam
639 1374 782 1437 uidemus
805 1374 985 1454 scriptores
1009 1397 1087 1455 quos
1104 1377 1206 1454 attuli,

97 1499 153 1540 eos
187 1475 290 1539 solum
322 1479 450 1556 patrum
483 1474 665 1538 muneribus
696 1474 822 1540 functos
854 1475 1060 1553 existimasse,
1089 1479 1143 1558 qui
1166 1479 1206 1542 ob

97 1579 180 1641 hanc
203 1577 255 1640 uel
275 1577 363 1639 illam
379 1597 506 1642 eausam
522 1576 635 1639 ceteris
651 1577 773 1641 ciuibus
788 1582 997 1657 praestarent.
1035 1577 1115 1642 Tum
1130 1602 1207 1642 uero

97 1681 214 1742 horum
241 1682 386 1760 posteros
408 1677 576 1758 patriciam
599 1677 843 1759 appellationem
859 1678 1034 1742 hereditate
1050 1681 1208 1761 accepisse

98 1786 132 1844 et
153 1781 238 1843 inter
259 1779 383 1844 nobiles
406 1779 491 1842 uiros
514 1764 695 1843 numeratos
719 1801 787 1843 esse
810 1781 1039 1860 cognoscimus,
1057 1782 1131 1862 quia
1146 1782 1204 1845 sei-

98 1883 176 1946 licet
209 1903 277 1944 mos
312 1885 344 1943 et
374 1885 488 1948 natura
518 1880 682 1944 hominum
709 1881 742 1943 id
764 1881 871 1956 ferret,
895 1903 957 1944 non
981 1883 1064 1962 quod
1086 1904 1142 1946 rex
1165 1883 1209 1946 ita

98 1984 171 2048 fieri
193 1982 356 2046 uoluisset.
400 1979 437 2044 ln
459 1981 519 2044 hac
541 1981 639 2062 igi-tur
660 2003 694 2044 re
717 1981 795 2044 mihi
818 1982 943 2062 quidem
963 1981 1093 2064 Madvig
1107 1983 1210 2046 minus

99 2107 220 2164 aequus
245 2083 406 2146 annalium
429 2083 626 2146 existimator
648 2082 745 2146 fuisse
768 2083 901 2146 uidetur.

203 2183 247 2248 At
277 2185 352 2247 licet
383 2206 446 2246 non
478 2184 562 2264 regis
589 2184 679 2246 iussu
696 2187 809 2248 creata
831 2184 873 2247 sit
894 2184 1029 2266 patricia
1050 2185 1210 2262 nobilitas

99 2293 209 2350 tamen
232 2285 340 2348 statim
352 2290 436 2366 post
458 2285 570 2348 urbem
592 2285 751 2348 conditam
774 2286 864 2366 quasi
879 2307 940 2350 uno
956 2291 1116 2349 momento
1129 2291 1211 2349 tem·

100 2387 190 2468 poris
223 2386 330 2450 adulta
361 2390 393 2448 et
425 2385 570 2449 absoluta
597 2387 798 2466 conspicitur.
843 2386 904 2449 Hic
927 2386 1086 2450 annalium
1108 2389 1210 2468 scrip-

99 2495 189 2552 tores
213 2509 334 2552 errasse
359 2491 504 2569 apparet;
526 2510 600 2550 nam
622 2487 771 2550 nobilitas
789 2488 876 2550 -id
900 2488 1026 2568 quidem
1049 2487 1211 2570 Maduigic

100 2589 366 2654 concedimus-
389 2611 453 2651 non
486 2588 547 2650 nisi
580 2589 733 2669 paulatim
764 2589 913 2666 nascitur,
941 2589 1037 2670 longa
1059 2587 1212 2653 annorum

100 2693 195 2768 serie,
230 2690 445 2772 compluribus
463 2743 465 2750 .
480 2690 581 2754 causis
615 2691 824 2755 adiuantibus.
870 2689 931 2754 Sed
959 2691 991 2752 in
1019 2712 1056 2752 ea
1085 2713 1119 2753 re
1150 2692 1213 2753 non

100 2795 209 2874 posita
242 2798 290 2858 est
323 2815 445 2857 summa
477 2793 680 2873 quaestionis.
726 2791 923 2873 Quamquam
951 2793 1096 2856 breuiore
1124 2793 1214 2873 quasi

100 2895 241 2961 formula
276 2899 498 2975 conceperunt,
534 2895 617 2975 quod
649 2895 686 2956 de
718 2894 839 2974 origine
862 2894 1014 2974 patriciae
1037 2894 1212 2957 nobilitatis

101 3001 175 3062 erat
208 2996 410 3072 narrandum,
444 3018 508 3058 non
537 2995 645 3059 statim
667 2995 846 3076 negandum
870 3000 927 3071 est,
950 2999 1036 3058 recte
1059 2995 1091 3058 id
1113 2995 1152 3058 ab
1175 2996 1214 3058 iis

2 3167 3 3170 Ἴ
100 3097 301 3162 intellectum
325 3119 403 3173 esse,
428 3097 512 3176 quod
535 3100 635 3178 caput
651 3101 719 3158 erat
740 3096 796 3158 rei.
831 3095 929 3159 Paulo
951 3097 1079 3159 uberius
1098 3118 1148 3159 res
1171 3097 1215 3160 ita

101 3203 211 3280 potest
234 3198 400 3279 explicari:
429 3220 500 3260 cum
521 3198 592 3274 uiri,
616 3219 741 3278 genere,
765 3198 891 3274 uirtute,
916 3198 1034 3261 diuitiis
1057 3197 1214 3261 excellen-

100 3307 153 3364 tes
180 3299 213 3361 in
240 3304 365 3380 patrum
390 3298 556 3362 consilium
579 3299 821 3362 admitterentur
845 3337 883 3346 -—
907 3299 974 3362 siue
996 3300 1029 3362 id
1043 3297 1216 3362 'consilium

101 3423 217 3482 regum
240 3405 354 3477 aetate,
378 3400 445 3465 siue
468 3400 626 3480 posterius
649 3400 830 3463 institutum
845 3402 1020 3482 putandum
1035 3405 1132 3463 est-
1146 3401 1216 3482 ipsa

101 3503 315 3566 humanarum
336 3523 453 3564 rerum
466 3501 608 3564 condicio
631 3501 714 3575 tulit,
738 3505 773 3563 ut
788 3501 904 3564 sensim
921 3501 1055 3582 patricia
1066 3500 1215 3564 nobilitas

104 3604 253 3678 oriretur,
288 3603 438 3682 quoniam
472 3600 617 3664 homines
649 3601 715 3664 fere
746 3602 922 3682 potentiam
954 3602 1018 3664 suis
1040 3603 1216 3665 hereditate

103 3706 233 3770 tradere
256 3705 396 3785 eupiunt,
421 3703 531 3766 alienis
554 3703 692 3784 maligne
716 3703 867 3780 detinent,
884 3709 989 3785 atque,
1005 3703 1060 3766 ubi
1074 3705 1217 3784 potentia

104 3807 285 3882 euanuerit,
309 3805 395 3868 auita
418 3804 555 3885 dignitas
578 3809 683 3872 tamen
708 3826 835 3868 manere
859 3804 949 3868 solet.
992 3804 1125 3886 Maduig
1147 3805 1217 3884 qui-

105 3909 181 3976 dem
213 3905 263 3968 his
294 3905 400 3968 uerbis
424 3905 571 3986 expedire
595 3911 726 3969 conatus
751 3909 808 3981 est,
833 3906 989 3985 quomodo
1012 3906 1161 3969 nobilitas
1184 3912 1219 3970 ut

102 4011 153 4073 ita
176 4007 278 4071 dicam
302 4005 439 4069 naturali
461 4006 585 4070 ratione
608 4007 743 4070 existere
760 4007 874 4070 soleat:
903 4005 1002 4070 “Adel
1016 4007 1220 4088 udviklersig

105 4113 116 4174 i
141 4109 301 4174 Folkenes
325 4107 434 4170 aeldste
458 4107 518 4172 Tid
542 4108 768 4172 efterhaanden
784 4109 818 4172 al
831 4108 1220 4173 Frihedforbundcnmed

102 4209 273 4293 personlig
295 4207 481 4290 Dygtighed
499 4230 546 4294 og
568 4209 672 4287 Kraft,
695 4210 758 4274 fast
780 4209 1139 4287 Eiendomsbesiddelse,
1158 4210 1219 4273 Er-
