3004 5066
540 409 698 461 —tl-

67 584 122 638 tur.
168 572 264 636 Alter
289 571 376 636 locns
404 575 452 634 est
479 570 561 652 apud
589 568 774 634 Ciceronem
801 569 880 652 Top.
905 571 934 648 6,
958 572 1008 634 29.
1050 569 1081 636 ls
1105 593 1175 634 cum

67 675 282 740 definitionum
316 675 433 736 iustam
465 672 601 735 formam
635 671 788 753 exemplis
820 672 1001 754 patefacere
1034 677 1174 746 conatur,

66 777 116 859 qni
146 775 284 858 gentiles
315 773 388 850 sint,
419 773 465 835 ita
496 771 619 836 definit:
657 771 800 835 Gentiles
831 780 905 836 sient
933 774 1018 836 inter
1049 795 1091 854 se,
1121 776 1176 857 qni

67 881 167 944 eodem
200 878 327 940 neemiae
357 881 440 938 sent.
489 873 559 937 Non
584 880 630 938 est
652 876 740 937 sotis.
790 874 853 952 oet
876 874 913 937 ab
937 876 1085 956 inponetis
1108 878 1174 938 ori-

67 981 142 1044 undi
175 986 261 1042 sient.
318 975 365 1039 Ne
399 975 434 1037 id
465 975 589 1059 quidem
623 976 702 1037 sotis
736 983 788 1037 est.
846 975 985 1054 Quorum
1018 977 1174 1040 maiorum

67 1103 150 1144 uerno
182 1081 369 1144 seruitutem
402 1077 548 1140 serzeiuit.
595 1075 689 1138 Abest
722 1078 817 1138 etium
846 1097 939 1140 nunc.
988 1077 1050 1155 Qui
1072 1081 1175 1161 capite

41 1199 124 1246 'oon
147 1189 223 1245 suist
248 1181 414 1242 deminuti.
455 1177 524 1240 Hoc
545 1177 684 1256 fortasse
707 1179 788 1240 sotis
811 1183 865 1239 est.
903 1177 994 1240 Nihil
1017 1179 1100 1240 enim
1122 1183 1174 1241 ui·

66 1285 118 1346 deo
149 1283 336 1346 Scaeuolam
365 1277 544 1362 pontificem
575 1277 619 1340 ud
649 1277 732 1341 bione
761 1278 975 1358 definitionem
999 1279 1203 1368 (reddidisse.⁸

162 1383 361 1462 Quamquam
386 1378 486 1443 Cincii
510 1379 651 1442 definitio
674 1401 737 1442 non
761 1400 860 1459 aeque
884 1383 1033 1442 accurata
1055 1385 1104 1443 est
1144 1386 1174 1445 t·

67 1509 122 1568 que
146 1508 193 1562 ea,
218 1506 314 1566 quam
337 1481 509 1546 Scaeuolae
532 1480 693 1557 debemus
716 1481 762 1544 ita
784 1485 968 1562 comparata
990 1481 1126 1559 uidetur,
1141 1488 1176 1546 nt

67 1587 203 1670 grauiter
232 1589 371 1660 moneat,
402 1583 564 1664 gentilicia
590 1583 660 1646 iura
682 1583 829 1647 omnibus
852 1583 974 1646 ciuibus
998 1586 1176 1648 communia

5 1729 6 1734 κ
66 1689 166 1750 fuisse.
212 1685 257 1750 Ni
288 1686 334 1749 ita
365 1682 490 1748 Cincius
518 1683 678 1758 sensisset,
702 1683 755 1746 uix
777 1683 828 1746 his
851 1683 957 1747 uerbis
980 1706 1054 1748 usus
1078 1692 1174 1750 esset:

70 1790 206 1852 Gentiles
239 1787 321 1850 anibi
354 1793 428 1848 sunt
461 1789 517 1869 qui
546 1819 582 1828 -
613 1823 662 1846 -.
713 1784 756 1848 Et
789 1784 836 1848 illi
870 1786 1046 1850 sentcntiae
1079 1788 1173 1852 etium

67 1887 232 1954 Scaeuolae
272 1887 494 1951 auctoritatem
531 1885 691 1967 praesidio
730 1907 809 1963 esse,
842 1908 1028 1968 persuasum
1061 1887 1173 1952 habeo

4 1987 5 1990 '
68 1989 151 2065 Quod
182 1990 272 2054 nulla
305 1988 420 2052 ciuium
453 2009 655 2050 romanorum
688 2009 805 2068 genera
835 1988 981 2065 secreuit,
1004 1989 1037 2050 in
1060 1990 1174 2069 quibus

67 2091 202 2155 definitio
226 2112 285 2154 sua
307 2089 437 2165 ualeret,
461 2088 648 2152 sumendum
671 2093 728 2165 est,
752 2111 823 2152 enm
840 2089 1049 2166 existimasse,
1065 2112 1174 2154 ornnes

68 2193 145 2256 ciues
176 2213 327 2256 romanos
357 2190 396 2253 iis
426 2189 551 2271 legibus
582 2211 676 2271 agere
698 2191 850 2272 potuisse,
874 2190 988 2271 quibus
1012 2192 1174 2272 gentilicia

3 2313 4 2318 ¹
66 2293 129 2356 iura
161 2294 310 2357 ordinata
341 2295 455 2355 essent.
500 2289 597 2354 Nullo
631 2291 725 2355 modo
756 2291 831 2356 licet
861 2296 983 2372 putare,
1017 2315 1087 2356 enm
1110 2293 1173 2356 ism

68 2399 134 2458 ante
166 2396 244 2458 satis
279 2393 442 2475 cognitum
476 2392 683 2469 existimasse,
715 2415 778 2456 non
810 2393 871 2456 nisi
902 2397 1004 2457 certas
1036 2395 1173 2458 familias

2 2497 4 2552 l
68 2496 274 2576 gentilitatem
305 2494 366 2558 sibi
398 2493 559 2557 uindicare
582 2493 732 2574 potuisse,
757 2517 854 2575 quare
877 2496 944 2558 eins
968 2495 1014 2558 rei
1037 2497 1171 2560 mentio·

68 2619 132 2659 nem
158 2597 265 2661 faeere
289 2618 351 2660 non
375 2617 503 2658 necesse
527 2601 619 2658 esset.
664 2597 746 2671 Quid
769 2601 836 2659 tum
860 2619 938 2677 opus
962 2601 1031 2660 erat
1054 2598 1170 2662 dicere:

2 2755 3 2774 ,
67 2700 117 2780 qui
146 2699 183 2762 ub
214 2700 366 2782 incendis
396 2697 528 2759 eruendi
551 2697 647 2760 suat?
692 2696 796 2772 Quare
820 2698 885 2761 eius
909 2698 1091 2761 definitione
1114 2721 1170 2762 nc-

2 2792 3 2844 Ῠ
68 2819 217 2879 quaquam
252 2821 361 2863 eorum
393 2799 551 2861 sententia
582 2798 707 2862 defendi
730 2803 845 2881 potest,
869 2800 923 2880 qui
946 2799 1069 2877 docent,
1093 2823 1170 2882 gen·

2 2881 3 2976 i
67 2898 207 2964 tilitatem
240 2901 279 2964 ad
302 2900 453 2982 patricios
476 2899 665 2981 pertinuisse
689 2905 720 2963 et
743 2901 781 2963 ad
805 2922 858 2964 eos
880 2901 1023 2982 plebeios
1046 2903 1170 2984 stirpes

68 3002 114 3080 qui
148 3003 325 3084 posteriore
361 3007 505 3083 ternpore
537 3002 643 3082 aliqua
673 3003 877 3083 patriciorum
911 3003 980 3066 iura
1010 3005 1170 3068 consecuti

2 3135 3 3146 ,
67 3109 173 3167 essent.
219 3105 271 3169 An
303 3127 355 3168 eas
388 3104 588 3168 condiciones
622 3109 794 3181 enumerat,
827 3104 940 3185 quibus
969 3106 1096 3186 patricii
1119 3128 1169 3170 so-

67 3199 124 3265 lum
151 3206 277 3287 generis
303 3206 364 3270 uiri
391 3205 575 3268 satisfacere
606 3207 789 3286 potuerint?
834 3206 1012 3270 Mommsen
1042 3207 1087 3270 ita
1110 3207 1170 3271 sibi

67 3304 158 3368 uideri
187 3307 404 3388 compluribus
430 3306 509 3369 locis
532 3307 700 3388 sigmificat,
725 3313 759 3370 ut
782 3306 834 3371 SR
856 3306 912 3385 III,
935 3330 965 3388 p.
986 3310 1036 3386 27,
1054 3310 1123 3372 adn.
1139 3312 1168 3386 4,

66 3403 115 3466 ubi
147 3409 272 3472 scribit:
311 3407 397 3472 “auf
427 3408 482 3470 das
515 3407 675 3470 Erbrecht
709 3409 763 3472 der
785 3408 997 3490 patricischen
1022 3408 1169 3474 Gentilen

67 3502 184 3572 bezieht
215 3509 284 3573 sich
308 3548 345 3556 —
371 3547 405 3554 —
434 3508 585 3572 zuntchst
614 3509 664 3572 die
688 3509 862 3573 Definition
885 3511 940 3572 der
961 3512 1095 3593 pectides
1117 3512 1169 3574 bei

68 3601 170 3674 Cicero
192 3617 258 3692 top.
282 3611 311 3688 6,
335 3611 385 3687 29,
409 3611 458 3672 die
482 3610 626 3674 offenbar
648 3612 706 3674 den
734 3611 827 3674 Kreis
851 3612 906 3675 der
929 3611 1167 3694 erbberechtig-

66 3708 115 3768 ten
150 3708 296 3776 Gentilen
334 3713 486 3794 ebgrenzt
520 3713 583 3776 und
616 3734 718 3794 genau
751 3736 811 3775 nur
844 3713 900 3776 anf
930 3715 979 3776 die
1013 3713 1168 3777 Patricier

67 3814 173 3885 passer
222 3813 312 3888 Quod
342 3813 430 3877 nullo
461 3814 555 3877 modo
587 3815 616 3878 ei
648 3815 819 3878 concedere
842 3837 980 3896 possum.
1024 3813 1168 3896 Apparet

67 3904 290 3978 Mommsennm
323 3914 375 3978 hic
407 3919 594 3996 argumento
617 3915 673 3993 nti,
698 3917 782 3996 qnod
805 3917 908 3997 ipsum
931 3938 1048 3979 nonum
1071 3939 1165 3998 argu·

66 4017 198 4078 mentum
230 4017 401 4088 desideret:
433 4039 505 4079 nam
533 4019 674 4094 assumit,
698 4018 825 4100 plebem
848 4040 887 4080 ex
909 4018 1081 4082 maioribus
1103 4041 1166 4082 non

67 4105 167 4177 liberis
189 4118 345 4199 originem
369 4119 508 4194 duxisse3
538 4141 640 4200 neque
663 4121 695 4182 id
718 4119 829 4196 solum,
854 4120 908 4183 sed
929 4119 1011 4183 hanc
1036 4121 1166 4183 eandem

66 4211 155 4277 etiam
178 4216 348 4284 Scaeuolae
372 4225 404 4283 et
426 4219 586 4285 Ciceronis
602 4223 699 4286 fuisse
712 4224 912 4300 sententiam,
926 4223 955 4286 ei
967 4224 1165 4287 statuendum
