3004 5066
740 387 905 446 -ss-‘

264 575 366 634 neque
397 553 523 634 patroni
555 559 661 617 essent
692 575 795 634 neque
824 554 966 629 clientes,
990 555 1144 618 desere
1168 559 1289 630 tacent;
1313 555 1373 617 sed

265 653 390 734 plebem
423 660 455 718 et
485 655 692 736 patriciorum
721 655 862 732 clientes,
890 677 970 735 quae
994 655 1134 720 eiusdem
1157 656 1202 720 rei
1226 657 1287 719 duo
1310 678 1372 718 no-

268 756 353 818 mina
375 760 474 834 erant,
498 756 603 820 subito
627 757 720 839 plane
743 757 883 820 diuersas
905 761 1013 837 partes
1037 762 1167 838 agentes
1191 761 1222 820 et
1245 757 1375 820 diuersa

268 857 400 920 consilia
422 861 547 922 secutos
570 857 843 940 deprehendimus.

367 957 434 1022 Elae
456 959 664 1035 narrationes,
688 958 802 1040 quibus
826 963 950 1022 ceterae
973 959 1059 1041 plebi
1081 959 1289 1041 patriciorum
1312 960 1373 1024 oli-

268 1063 357 1122 entes
380 1064 591 1140 opponuntur,
615 1083 633 1122 a
656 1059 811 1141 Dionysio
835 1065 867 1123 et
889 1059 981 1124 Liuio
1005 1064 1181 1124 seruantur.
1226 1059 1275 1124 Ita
1297 1065 1375 1142 post

266 1160 401 1240 primam
424 1160 525 1240 plebis
549 1161 759 1224 secessionem
782 1167 890 1224 narrat
913 1160 962 1224 his
985 1161 1090 1224 uerbis
1113 1160 1296 1241 Dionysius,
1313 1185 1373 1243 pa·

266 1262 375 1326 tricios
407 1285 476 1326 sese
507 1263 546 1326 ad
576 1262 688 1327 urbem
715 1263 877 1326 clientium
909 1263 1026 1326 auxilio
1056 1262 1283 1326 defendendam
1311 1286 1373 1344 pa-

266 1384 365 1426 rasse:
389 1361 483 1424 t'nerb'
507 1361 548 1433 ὡς
572 1361 602 1435 ἐξ
625 1361 690 1433 ἑνὸς
713 1363 1003 1445 παραιιελείισματος
1026 1361 1215 1443 ἁρπάσαντες
1235 1366 1272 1424 τά
1287 1361 1374 1426 ὅπλα

267 1463 317 1523 σὺν
341 1472 402 1534 τοῖς
424 1460 543 1534 οἰκείοις
567 1463 689 1528 ἕκαστοι
712 1465 864 1538 πελάταις,
887 1461 914 1526 cl
938 1467 990 1546 μὲν
1013 1462 1059 1526 ἐπί
1081 1466 1135 1533 τάς
1162 1462 1249 1534 ὁδοὺς
1274 1503 1312 1512 -
1332 1504 1373 1511 -

266 1565 487 1647 παρεβοήθουν,
518 1562 544 1626 oi
567 1563 642 1628 δ’ἐπί
664 1567 701 1627 τά
723 1567 848 1650 φρουρια
873 1603 909 1612 -
935 1603 972 1612 —-
997 1563 1132 1647 ἐξῄεσαν.
1176 1564 1329 1648 Apertius
1355 1590 1375 1628 a

265 1665 358 1746 plebe
388 1671 597 1749 segregantur
618 1668 824 1750 patriciorum
848 1668 979 1730 clientes
1002 1665 1065 1730 VII
1089 1667 1142 1729 19:
1166 1665 1235 1728 ἀλλ’
1259 1664 1293 1728 ἐκ
1315 1675 1375 1728 τῶν

266 1770 424 1848 πατρικίων
447 1765 603 1830 ἐθελονταί
626 1790 698 1838 τινες
721 1757 951 1851 νιατεγράμησαν
975 1763 1039 1850 ἅμα
1062 1776 1122 1837 τοῖς
1145 1768 1298 1837 πελάταις,
1321 1771 1377 1829 καί

266 1864 365 1936 αὐτοῖς
381 1866 503 1939 ἐξιοῦσιν
519 1865 616 1948 ὀλίγον
632 1891 657 1930 τι
672 1867 731 1931 ἀπὸ
746 1878 796 1932 τοῦ
813 1868 910 1952 δημου
926 1873 1016 1951 μέρος
1029 1873 1263 1951 συνεστράτευεν.
1287 1869 1375 1933 Huic

267 1969 339 2032 loco
363 1970 474 2034 similis
498 1975 546 2034 est
568 1969 596 2034 X
621 1973 674 2034 43:
699 1970 888 2033 συνελθοῦσα
911 1973 967 2052 γάρ
991 1969 1010 2054 ἡ
1034 1972 1130 2054 βουλὴ
1152 1973 1271 2052 γνώμην
1295 1969 1374 2032 άπε-

269 2069 397 2144 tartaro,
427 2072 496 2140 τοὺς
524 2075 696 2154 πατρικίους
723 2069 769 2133 ἐπὶ
790 2074 838 2134 τὸν
861 2073 991 2154 πόλεμον
1013 2070 1118 2142 ἐξιέναι
1141 2073 1192 2134 σὺν
1214 2080 1277 2141 τοῖς
1299 2069 1376 2134 ἑαυ-

266 2181 322 2232 τῶν
353 2172 507 2245 πελάταις,
538 2183 594 2234 τῶν
621 2171 750 2234 δ’ἄλλων
773 2174 899 2236 πολιτῶν
921 2183 983 2242 τοῖς
1006 2176 1058 2256 μὲν
1082 2174 1275 2256 βουλομένοις
1298 2195 1375 2256 μετ-

267 2276 348 2354 έχειν
375 2282 429 2355 της
457 2276 611 2354 στρατείας
643 2272 689 2336 ἐπὶ
721 2278 854 2357 σωτηρία
885 2285 940 2360 της
963 2274 1104 2356 πατρίδος
1126 2278 1282 2358 γινομένης
1304 2272 1377 2336 ὅσια

268 2369 398 2435 εἶναιτὰ
421 2377 495 2456 πρὸς
517 2376 620 2448 θεοὺς,
645 2399 670 2439 e.
695 2400 725 2456 q.
749 2399 772 2439 s.
812 2375 982 2440 Praeterea
1004 2377 1111 2440 multis
1134 2375 1212 2440 locis
1236 2377 1275 2440 ad
1294 2398 1376 2439 eun-

270 2476 341 2538 dem
360 2477 487 2542 modum
503 2477 653 2558 loquitur.
686 2478 796 2542 Liuius
813 2500 938 2559 quoque
956 2517 992 2524 -
1010 2482 1045 2542 ut
1061 2479 1124 2542 iam
1139 2478 1319 2560 significaui
1334 2513 1377 2524 -

269 2578 411 2658 patriciis
443 2579 673 2660 clientibusque
705 2601 815 2644 eorum
846 2580 1019 2644 discordias
1052 2602 1122 2643 cum
1153 2579 1246 2661 plebe
1275 2579 1376 2642 fuisse

268 2684 386 2742 narrat.
424 2677 472 2743 lta
495 2677 588 2743 1164
612 2683 699 2744 irato
717 2681 817 2764 pleds,
840 2681 952 2761 inquit,
977 2683 1128 2744 iuteresse
1151 2680 1378 2744 consularibus

268 2783 406 2844 comitiis
428 2783 546 2844 inoluit:
563 2790 748 2865 perpetres
765 2783 954 2866 clientesque
969 2789 1098 2865 puteum
1115 2783 1258 2845 consules
1274 2785 1379 2844 crecti

274 2881 308 2945 T.
337 2884 505 2961 Quirutius
531 2885 565 2962 Q.
592 2883 764 2946 Seruilius.
809 2881 882 2946 Alio
914 2883 985 2947 loco
1015 2883 1146 2946 clientes
1173 2882 1277 2964 plebis
1300 2905 1376 2964 par-

267 2987 332 3046 tem
365 2984 442 3047 facit
469 2983 511 3064 (V
535 2984 603 3064 32):
631 2987 687 3068 qui
714 2982 892 3064 (Camillus)
919 2984 971 3047 die
1001 2984 1087 3047 dictu
1111 2983 1149 3047 ub
1173 2983 1210 3047 L.
1236 2984 1378 3066 Apuleio

270 3085 397 3148 tribuno
428 3085 591 3168 plebis-
617 3123 655 3132 -
680 3121 720 3130 -—
745 3106 813 3147 cum
845 3087 958 3148 accitis
988 3085 1114 3148 domnum
1143 3084 1313 3148 tribulibus
1347 3092 1377 3147 et

273 3186 449 3265 clientibus,
478 3207 558 3270 quoe
585 3208 703 3270 rnuprrn
721 3208 805 3270 pers
823 3187 927 3269 plebis
951 3193 1029 3267 erat,
1048 3192 1278 3269 percunctatus
1302 3189 1378 3248 urri-

270 3307 337 3349 rnos
360 3307 476 3363 eornm,
500 3309 686 3371 responsum
711 3289 844 3366 tulisset,
867 3309 898 3351 se
923 3289 1093 3351 collaturos
1109 3289 1223 3371 quenti
1238 3286 1377 3350 dumnu-

271 3395 322 3450 tus
345 3395 432 3469 esset,
456 3389 618 3452 absoluere
642 3411 711 3453 οιιιη
733 3410 795 3454 nou
813 3410 918 3472 posse,
943 3391 976 3451 in
1001 3389 1133 3451 exilium
1156 3387 1236 3452 odiit
1259 3409 1286 3450 e.
1303 3411 1334 3468 q.
1352 3411 1393 3450 s.

270 3486 416 3553 Uidimus
443 3490 542 3572 igitur
573 3496 605 3554 et
634 3514 652 3554 a
678 3490 833 3571 Dionysio
857 3495 889 3552 et
911 3511 929 3552 a
951 3487 1043 3552 Liuio
1067 3489 1198 3552 clientes
1221 3488 1377 3570 patricio-

270 3612 337 3654 rum
372 3596 439 3656 tum
472 3593 505 3655 in
536 3592 733 3674 plebeiorum
763 3613 927 3656 numerum
959 3590 1081 3666 referri,
1111 3595 1179 3654 tum
1202 3589 1242 3652 ab
1265 3589 1304 3653 iis
1328 3590 1377 3653 di-

271 3692 399 3774 stingui.
444 3692 506 3757 Sed
528 3695 635 3758 nescio
659 3717 698 3757 an
721 3694 781 3757 hoc
804 3693 895 3773 lapsu
917 3697 1041 3755 tantum
1063 3692 1120 3754 fiat
1143 3696 1175 3754 et
1197 3691 1276 3754 illud
1298 3713 1378 3768 rem,

270 3793 316 3856 ita
347 3800 382 3858 ut
413 3818 482 3858 eam
514 3797 673 3873 finxerint,
702 3794 860 3858 exhibeat.
905 3791 988 3856 Nam
1017 3793 1131 3874 quide
1156 3792 1304 3856 clientela
1326 3793 1377 3856 in-

272 3895 430 3960 stituenda
463 3901 593 3960 narrant
624 3898 805 3978 scriptores,
834 3895 937 3958 nullos
961 3898 1210 3959 commemorant
1234 3893 1378 3969 clientes,

271 3996 332 4060 nisi
366 3999 418 4077 qui
451 3999 489 4061 ad
520 3999 646 4080 plebem
671 3998 862 4079 pertineant.
908 3995 1078 4059 Praeterea
1107 4016 1189 4076 quae
1211 3995 1322 4058 Liuius
1346 4001 1379 4058 et

273 4096 445 4179 Dionysius
476 4104 615 4176 narrant,
647 4122 710 4163 non
741 4121 780 4162 ex
803 4098 888 4162 omni
910 4102 1000 4180 parte
1023 4098 1106 4161 inter
1134 4119 1167 4160 se
1191 4101 1378 4178 congruunt.

271 4197 328 4262 llle
351 4200 435 4264 enim
458 4224 610 4282 nusquam
634 4205 800 4277 memorat,
822 4200 974 4281 patricios
997 4198 1170 4280 separatim
1189 4219 1261 4262 eum
1277 4197 1377 4260 clien-
