3004 5066
765 442 922 493 »90-

291 625 373 684 sung
403 601 499 664 durch
534 601 725 666 Privatalrt.“
773 601 926 666 Uidemus
958 602 1043 666 uiros
1071 601 1270 665 doctissimos
1293 599 1397 682 Voig·

291 705 379 780 tium,
413 701 617 784 Herzogium,
648 703 879 767 Mommsenum
903 702 1050 766 clientela
1072 703 1229 782 quomodo
1252 706 1323 765 orta
1346 702 1398 778 sn,

290 827 353 868 non
385 805 416 866 in
448 804 593 867 omnibus
621 804 715 868 rebus
738 804 858 885 pariter
881 804 1083 867 constituere.
1128 802 1189 867 Sed
1212 805 1244 866 in
1267 825 1330 866 una
1352 825 1398 879 re,

290 927 370 986 quae
394 905 520 986 quidem
543 907 672 969 maximi
696 911 744 969 est
766 906 927 982 momenti,
951 905 1043 986 plane
1068 906 1276 968 consentiunt.
1311 901 1397 967 Nam

289 1006 350 1070 hoc
384 1007 511 1087 quidem
545 1029 709 1071 commune
741 1006 869 1083 habent,
902 995 985 1087 quoti
1009 1006 1187 1069 clientelam
1210 1027 1336 1086 semper
1359 1027 1398 1068 ex

289 1108 442 1172 eiusmodi
477 1109 660 1172 condicione
695 1113 796 1171 ortam
831 1107 1022 1183 existimant,
1055 1129 1135 1188 quae
1168 1107 1229 1170 hoc
1260 1107 1311 1170 uel
1341 1107 1398 1170 illo
1424 1103 1427 1108 ’

288 1211 383 1273 modo
414 1209 555 1273 libertati
584 1214 615 1273 et
638 1209 761 1273 ciuitati
784 1209 942 1272 contraria
965 1213 1058 1284 esset,
1081 1213 1116 1272 ut
1139 1209 1191 1289 qui
1216 1208 1293 1272 ciuis
1317 1214 1398 1284 erat,

288 1333 359 1374 eum
383 1311 512 1374 alterius
536 1311 613 1374 ciuis
637 1309 784 1374 clientem
807 1311 877 1372 fieri
900 1311 1040 1392 potuisse
1065 1315 1191 1391 negent.

389 1443 463 1509 Non
491 1446 684 1527 negauerim,
708 1445 854 1508 omnibus
877 1445 915 1508 iis
938 1445 1050 1520 modia,
1074 1467 1152 1526 quos
1176 1443 1399 1525 significarunt

287 1547 343 1623 illi,
375 1547 520 1610 homines
542 1547 574 1609 in
598 1547 715 1610 ciuium
737 1568 939 1610 romanorum
963 1545 1126 1609 clientelas
1149 1547 1282 1608 uenisse.
1329 1544 1398 1609 Ue-

287 1671 356 1712 rum
385 1648 645 1712 considerandum
674 1654 732 1724 est,
755 1669 830 1710 num
853 1647 949 1710 etiam
972 1669 1080 1710 omnes
1103 1647 1213 1710 modos
1236 1651 1397 1710 monstra-

287 1750 400 1826 uerint,
435 1749 547 1830 quibus
582 1749 748 1812 clientelae
782 1749 858 1810 oriri
891 1754 1029 1830 possent.
1079 1747 1127 1811 De
1157 1747 1216 1810 hac
1249 1770 1283 1810 re
1317 1747 1398 1810 mihi

286 1873 486 1932 summopere
520 1851 727 1915 dubitandum
760 1873 828 1913 esse
864 1850 998 1914 uidetur.
1048 1848 1124 1913 Cum
1158 1849 1195 1912 de
1228 1847 1397 1912 clientelae

288 1954 410 2035 origine
433 1959 465 2016 et
487 1957 600 2016 natura
623 1953 794 2033 quaeritur,
818 1952 991 2014 cauendum
1015 1956 1072 2027 est,
1095 1972 1135 2014 ne
1158 1949 1396 2025 obliuiscamm,

286 2077 349 2118 non
380 2055 481 2118 solum
512 2055 654 2135 priuatos
682 2052 826 2116 homines
850 2053 981 2116 clientes
1003 2051 1110 2128 fuisse,
1134 2052 1189 2114 sed
1212 2087 1251 2094 -
1274 2051 1398 2114 utalia

285 2162 414 2219 taceam
432 2191 470 2198 ·-
495 2155 590 2218 etiam
613 2154 785 2235 municipia
807 2159 902 2234 atque
926 2153 1076 2230 colonias,
1100 2175 1158 2216 nec
1174 2153 1277 2215 minus
1290 2153 1396 2215 socias

288 2257 433 2320 ciuitates
456 2256 632 2337 patrocinia
654 2257 796 2319 uirorum
817 2277 1030 2331 romanorum,
1054 2255 1222 2318 nobilitate
1238 2259 1269 2317 et
1281 2259 1396 2336 poten-

286 2358 331 2421 tia
353 2357 592 2438 praestantium,
616 2357 742 2438 petisse.
777 2355 850 2420 Non
867 2355 969 2432 uideo,
986 2377 1041 2419 cur
1057 2354 1251 2436 singulorum
1268 2359 1395 2418 tantum

286 2458 450 2523 homiuum
482 2462 668 2539 patronatus
700 2458 800 2520 iustos
831 2461 1018 2538 patronatus
1046 2456 1143 2520 fuisse
1167 2455 1394 2519 existimemus.

236 2593 238 2597 v
287 2560 348 2624 Sed
371 2559 396 2622 si
420 2559 504 2622 intra
528 2558 689 2622 clientelas
712 2558 908 2640 priuatorum
925 2557 1087 2621 hominum
1103 2559 1396 2634 manemus,omni-

286 2663 345 2726 bus
377 2663 539 2743 cognitum
571 2666 628 2738 cst,
658 2683 693 2723 re
726 2683 802 2724 uera
824 2682 888 2723 non
910 2681 1002 2740 posse
1026 2659 1174 2736 dubitari,
1198 2659 1396 2739 quinetiam

286 2763 402 2844 singuli
432 2764 517 2827 ciues
540 2784 573 2825 se
595 2783 747 2843 persaepe
770 2762 803 2823 in
826 2761 942 2824 ciuium
965 2783 1093 2824 suorum
1116 2762 1293 2842 patrocinia
1317 2783 1395 2825 con-

286 2866 427 2929 tulerint.
470 2863 517 2928 Ut
547 2886 643 2926 unum
675 2863 853 2943 exemplum
880 2862 1049 2943 proferam,
1072 2862 1168 2926 liceat
1189 2862 1268 2925 mihi
1290 2863 1325 2926 in
1347 2863 1395 2927 le·

287 2967 428 3048 gentium
451 2965 637 3029 memoriam
659 2985 820 3039 reuocare,
845 2963 1002 3043 quomodo
1026 2964 1110 3044 apud
1133 2963 1301 3027 Horatium
1319 2964 1394 3046 (Ep.

286 3066 317 3131 ll
338 3067 369 3147 7)
393 3066 559 3148 Philippus
583 3065 746 3130 Vulteium
769 3064 935 3144 quendam,
952 3086 1045 3145 quem
1061 3087 1079 3127 a
1094 3065 1164 3128 foro
1177 3066 1302 3128 rediens
1315 3088 1394 3130 con-

286 3172 434 3249 spexerat
456 3173 488 3230 et
509 3168 674 3248 praeconis
698 3187 810 3229 munus
833 3187 979 3229 exercere
1003 3171 1206 3248 cognouerat,
1230 3167 1314 3230 inter
1335 3167 1394 3230 cli-

286 3275 374 3332 entes
406 3291 479 3331 suos
511 3267 665 3330 allexerit.
711 3265 806 3329 Dicat
837 3265 960 3347 aliquis,
990 3267 1069 3331 haec
1091 3269 1269 3331 recentiora
1292 3267 1393 3332 clien-

285 3371 368 3434 telae
392 3391 460 3433 esse
483 3390 602 3450 genera
624 3373 656 3431 et
678 3390 775 3431 uanas
798 3367 954 3449 imagines
977 3370 1125 3449 antiquae
1148 3375 1180 3432 et
1201 3369 1394 3451 originariae

286 3471 462 3547 clientelae,
495 3492 575 3551 quae
607 3469 765 3550 quomodo
791 3468 888 3531 fuerit
909 3471 1065 3547 instituta,
1089 3492 1152 3533 non
1175 3493 1213 3534 ex
1235 3470 1299 3534 illis
1323 3493 1393 3536 esse

284 3573 496 3636 iudicandum.
535 3573 595 3648 Qui
617 3573 678 3637 hoc
702 3575 910 3648 contenderit,
934 3572 973 3635 ab
989 3594 1026 3636 eo
1040 3593 1153 3634 censeo
1166 3572 1392 3652 quaerendum,

285 3675 367 3737 unde
398 3672 479 3737 hanc
510 3674 683 3738 doctrinam
708 3675 858 3738 hauserit.
902 3673 953 3737 Ex
975 3673 1065 3736 libris
1088 3677 1231 3736 ueterum
1253 3674 1391 3755 scripto-

284 3777 375 3838 rum?
420 3774 505 3849 Quos
536 3776 672 3838 uidimus
700 3777 762 3838 iam
791 3775 1017 3856 antiquissimis
1040 3774 1237 3856 temporibus
1260 3773 1391 3838 humili-

284 3897 355 3938 ores
379 3876 463 3939 ciues
486 3877 518 3938 in
541 3877 756 3961 potentiorum
779 3876 942 3940 clientelas
965 3875 1150 3940 distributos
1173 3876 1296 3939 fecisse.
1340 3875 1391 3940 Ne

285 3976 473 4057 oppidorum
507 3977 633 4057 quidem
665 3983 851 4059 patronatus
884 3978 1008 4057 quando
1040 3978 1102 4041 orti
1129 3989 1243 4053 essent,
1267 3979 1391 4060 antiqui

283 4077 428 4140 homines
452 4079 614 4158 cognitum
636 4079 806 4142 habebant.
851 4079 958 4141 Etiam
981 4078 1039 4141 hos
1063 4099 1184 4142 summa
1200 4083 1303 4142 aetate
1321 4101 1390 4143 esse
