3004 5066
765 395 925 448 .-78-

394 557 474 634 Quid
506 558 603 639 igitur
634 557 673 620 ab
697 558 856 621 annalium
879 557 1086 640 scriptoribus
1109 556 1258 620 traditum
1281 555 1401 620 existi-

292 682 422 737 memus,
451 659 534 740 quod
557 659 676 736 Liuius,
700 681 770 722 eum
794 659 825 722 iu
848 660 1052 740 patriciorum
1076 659 1271 723 orationibus
1295 681 1401 740 expo-

292 761 427 825 nendum
461 765 553 838 esset,
587 761 632 823 ita
664 761 890 838 immutauerit,
921 765 955 823 ut
986 761 1024 824 de
1047 761 1258 842 auspiciorum
1280 765 1403 823 natura

292 887 374 927 noua
406 863 563 926 sententia
596 863 757 943 prodiret?
801 863 902 926 Credo
934 885 1000 926 rem
1029 863 1106 926 satis
1130 863 1247 926 claram
1270 885 1345 926 esse
1371 867 1404 925 et

291 965 441 1047 patricios
475 965 585 1028 eodem
617 987 710 1028 sensu
741 965 903 1028 dictitasse
930 965 1072 1046 auspicia
1094 971 1126 1028 et
1147 965 1319 1047 imperium
1343 987 1404 1026 sua

292 1089 370 1144 esse,
393 1089 455 1147 quo
478 1066 664 1130 dicebantur
686 1067 833 1150 oraqriet'a
850 1067 894 1130 ud
903 1069 1063 1150 patricios
1080 1067 1194 1146 redire,
1207 1090 1279 1130 cum
1291 1066 1402 1146 magi-

291 1168 408 1232 stratus
435 1169 558 1232 curules
584 1169 713 1232 deerant
744 1170 783 1232 ad
813 1191 879 1232 rem
905 1169 1063 1251 publicam
1087 1171 1266 1250 gerendam.
1313 1167 1402 1231 Liuii

291 1271 390 1351 igitur
421 1293 559 1334 errorem
591 1271 622 1333 in
651 1293 687 1334 eo
710 1271 847 1352 positum
871 1275 958 1352 puto,
982 1271 1076 1351 quod,
1100 1293 1170 1334 cum
1194 1275 1307 1334 auctor
1332 1270 1403 1332 eius

292 1374 330 1436 de
363 1373 504 1454 patriciis
537 1373 730 1453 loqueretur,
762 1396 824 1435 non
854 1373 1061 1454 perspexerit,
1084 1395 1147 1436 non
1169 1377 1270 1436 totam
1294 1371 1401 1453 patri·
1493 1373 1494 1376 ’

292 1475 373 1537 ciam
404 1474 525 1555 prolem
552 1475 734 1555 significari,
757 1476 811 1538 sed
835 1496 899 1552 eoa,
923 1475 975 1555 qui
997 1474 1183 1556 plerumque
1203 1481 1318 1557 patres
1343 1497 1402 1553 ap-

291 1576 501 1657 pellabantur.
545 1575 619 1640 Non
641 1578 828 1658 negauerint
849 1577 986 1658 patricii,
1009 1577 1150 1659 auspicia
1172 1583 1204 1639 et
1225 1578 1401 1660 imperium

291 1678 423 1760 plebeiis
446 1679 522 1742 uiris
545 1684 630 1743 recte
653 1662 905 1756 committissed
929 1679 1158 1756 contenderint,
1182 1699 1238 1742 suo
1262 1678 1402 1741 arbitrio

291 1782 478 1863 permissum
511 1803 589 1860 esse,
621 1786 727 1845 utrum
757 1783 801 1845 ita
823 1782 963 1845 futurum
987 1786 1080 1860 esset,
1104 1803 1217 1858 necne;
1240 1803 1306 1844 non
1331 1802 1400 1844 esse

292 1883 378 1960 satia,
402 1883 427 1945 si
451 1883 520 1964 quis
544 1907 562 1945 a
584 1884 701 1964 populo
724 1884 928 1966 magistratus
952 1888 1076 1946 creatus
1092 1885 1287 1964 essetutque
1301 1883 1400 1947 etiam

292 2007 311 2047 a
340 1985 528 2065 magistratu
561 1986 772 2062 renuntiatus3
806 1986 926 2049 nullum
959 1986 1180 2066 magistratum
1210 2007 1280 2048 esse
1304 2007 1399 2068 posse

291 2086 400 2167 populi
433 2087 534 2150 solum
568 2088 727 2169 suffragiis
761 2092 792 2150 et
825 2089 1030 2169 magistratus
1061 2088 1297 2150 renuntiatione
1331 2088 1424 2160 sine,

292 2193 418 2269 patrum
453 2189 657 2266 auctoritate3
691 2212 762 2252 nam
795 2190 827 2252 in
858 2194 983 2270 patrum
1015 2194 1173 2271 potestate
1200 2190 1345 2271 auspicia
1368 2193 1399 2250 et

293 2291 460 2369 imperium
482 2311 549 2353 esse
573 2313 630 2353 nec
652 2291 796 2371 patribus
819 2291 927 2354 inuitis
950 2291 1095 2371 cuiquam
1119 2291 1276 2372 impertiri
1292 2313 1397 2372 posse.

396 2391 528 2455 Constat
550 2393 633 2456 inter
664 2415 782 2470 omneS,
805 2398 911 2474 patres
934 2393 1009 2456 olim
1032 2376 1223 2474 potestatem
1246 2393 1398 2457 habuisse

293 2493 494 2575 impediendi,
526 2495 608 2574 quod
637 2495 772 2576 populus
795 2495 931 2558 comitiis
954 2495 1179 2572 constituisset,
1203 2496 1269 2558 siue
1293 2496 1396 2577 legem

293 2596 437 2674 iusserat,
469 2618 549 2676 quae
576 2596 638 2659 illis
661 2597 795 2660 molesta
817 2601 910 2676 esset,
933 2597 1000 2660 siue
1022 2598 1242 2678 magistratum
1266 2598 1397 2674 fecerat,
1468 2643 1470 2648 ³

295 2698 349 2778 qui
379 2697 482 2761 minus
512 2698 660 2781 placeret.
705 2697 816 2779 ltaque
839 2699 872 2761 in
894 2699 1133 2780 magistratibus
1157 2700 1300 2763 creandis
1324 2719 1396 2781 par-

294 2804 359 2862 tem
389 2800 526 2881 aliquam
550 2801 588 2863 ad
611 2823 664 2863 eos
687 2801 855 2882 pertinere,
878 2823 939 2864 nou
963 2806 1089 2882 poterat
1111 2802 1230 2882 negari.
1275 2800 1396 2865 Uerum

295 2924 357 2964 non
392 2903 521 2964 deerant
553 2902 654 2965 iustae
688 2925 810 2980 causac,
845 2925 900 2965 cur
931 2903 1026 2965 etiam
1057 2926 1212 2966 summam
1238 2903 1284 2966 rei
1308 2905 1341 2966 in
1364 2923 1395 2964 se

294 3004 431 3084 positam
454 3027 522 3068 esse
545 3004 749 3081 affirmarent,
773 3005 891 3068 nonin
913 3005 1030 3086 populo
1053 3005 1119 3068 siue
1142 3028 1180 3068 eo
1197 3005 1395 3086 magistrata,

296 3107 349 3186 qui
373 3107 500 3170 comitia
521 3106 664 3170 haberet.
703 3106 792 3181 Quod
814 3129 864 3170 res
888 3108 925 3169 ad
943 3111 1048 3188 patres
1064 3107 1219 3185 redibant,
1232 3109 1394 3188 quotiens-

296 3230 418 3288 cunque
440 3208 543 3271 nullus
568 3213 635 3271 erat
657 3209 807 3290 patricius
823 3209 1036 3290 magistratus,
1053 3209 1300 3272 concludendum
1320 3212 1394 3284 erat,

296 3331 366 3374 curn
390 3309 628 3389 magistratibus
651 3310 791 3390 auspicia
813 3314 845 3372 et
867 3310 1031 3391 imperium
1056 3311 1264 3388 traderentur,
1284 3334 1324 3374 ex
1339 3332 1393 3392 pa-

295 3410 396 3474 tribus
420 3433 457 3473 ea
473 3410 592 3472 deduci.
637 3410 872 3474 Existimabant
887 3412 1072 3492 posterioris
1089 3413 1201 3475 aetatis
1214 3413 1392 3494 scriptores,

295 3518 450 3577 summum
473 3513 649 3594 imperium,
674 3535 743 3575 cum
766 3534 857 3594 reges
881 3514 983 3576 exacti
1007 3517 1120 3592 essent,
1144 3515 1251 3578 statim
1274 3515 1314 3577 ad
1330 3535 1392 3577 ma·
1481 3509 1483 3517 ’

295 3615 446 3696 gistratus
479 3614 588 3696 populi
621 3615 743 3677 romani
777 3637 845 3678 esse
879 3615 1025 3678 delatum.
1077 3613 1126 3678 lta
1156 3615 1265 3678 Liuius
1297 3614 1341 3696 (ll
1365 3611 1392 3691 l)

270 3734 273 3740 ’
299 3716 412 3779 Orrraio
439 3715 542 3796 inquit
564 3717 638 3778 iuro
663 3715 810 3797 (regum),
834 3719 940 3779 ornatio
964 3718 1108 3799 insipalo
1127 3718 1231 3799 primi
1253 3716 1392 3780 coarantes

297 3826 431 3880 tenuere.
476 3816 537 3880 Sed
561 3818 654 3879 credo
677 3817 739 3880 illis
762 3817 840 3880 locis
864 3817 1012 3894 Liuianis,
1030 3840 1108 3898 (quos
1124 3840 1218 3900 supra
1234 3814 1391 3899 exscripsi,

296 3919 431 3999 uestigia
454 3919 572 3981 seruari
598 3918 784 3998 antiquioris
807 3919 991 3997 sententiae,
1008 3942 1070 3999 qua
1084 3919 1210 3999 patricii
1221 3919 1281 3982 nisi
1293 3916 1390 4000 plebis

296 4021 431 4100 impetus
453 4019 638 4101 propulsare
662 4021 765 4083 conati
788 4021 859 4083 sint.
904 4020 1025 4098 Patres,
1050 4022 1102 4101 qui
1125 4021 1317 4102 interregum
1338 4043 1390 4100 ap·

296 4119 466 4201 pellatioue
490 4121 584 4184 etiam
607 4143 722 4183 nomen
745 4122 834 4202 regni
857 4122 889 4184 in
912 4123 1097 4184 memoriam
1120 4122 1320 4199 reuocabant,
1336 4140 1389 4203 pro

295 4244 406 4302 regum
429 4222 597 4285 heredibus
621 4244 654 4284 se
678 4223 812 4303 gessisse
837 4228 868 4286 et
890 4246 924 4286 re
947 4246 1022 4286 uera
1044 4224 1141 4287 fuisse
1164 4223 1241 4286 mihi
1263 4243 1389 4304 persua-
