3004 5066
546 383 704 436 ...41-

72 544 295 609 dissimilitudo
318 546 446 626 cognita
468 550 525 608 est.
563 545 607 608 At
622 547 706 608 enim
721 545 755 609 hi
770 547 900 610 meliore
916 548 983 611 iure
999 549 1177 626 utebantur,

71 648 156 710 inter
175 653 282 727 patres
298 653 330 710 et
345 647 383 710 ad
399 669 538 710 summos
553 646 690 711 honores
707 648 964 714 admittebantur.
1002 648 1035 713 Si
1052 650 1092 714 ob
1109 672 1179 714 eam

71 770 139 811 rem
170 749 301 830 proprio
331 749 369 811 iis
401 749 526 812 nomine
550 772 628 831 opus
652 755 729 827 erat,
753 750 945 830 sequiturne,
968 755 1003 814 ut
1026 755 1098 832 apte
1120 775 1178 834 pa-

70 851 157 913 tricii
180 850 332 932 appellati
355 851 438 913 sint?
476 848 576 914 Immo
599 850 676 913 mihi
700 851 827 931 quidem
851 849 1053 916 Christensen
1076 853 1108 915 in
1131 852 1177 914 al-

71 957 174 1015 teram
208 951 428 1015 difficultatem
461 952 621 1015 incurrere
654 953 787 1030 uidetur,
813 975 883 1025 cum
906 954 1054 1028 declarat,
1078 953 1177 1035 patri-

72 1054 155 1116 ciam
189 1053 444 1134 appellationem,
475 1076 536 1134 qua
558 1058 701 1118 ueterum
724 1055 840 1118 ciuium
863 1055 1017 1135 quaedam
1039 1055 1178 1118 familiae

73 1159 179 1217 essent
202 1159 341 1231 ornatae,
370 1155 409 1218 ad
432 1177 540 1218 omnes
564 1157 728 1219 commode
751 1157 917 1220 transferri
939 1157 1089 1237 potuisse.
1135 1154 1177 1232 si,

72 1277 145 1318 curn
173 1257 243 1336 quis
269 1246 420 1336 patricius
444 1256 617 1333 dicebatur,
640 1257 720 1320 nihil
743 1257 827 1320 aliud
850 1257 1060 1339 cogitabatur,
1084 1281 1178 1339 quam

72 1380 146 1421 eum
167 1359 251 1421 inter
273 1357 407 1420 maiores
430 1379 503 1422 suos
527 1363 689 1422 senatores
705 1381 881 1434 numerare,
898 1365 1039 1442 apparet,
1056 1365 1178 1423 ceteros

71 1465 197 1524 ueteres
232 1460 326 1536 ciues,
360 1481 415 1523 eos
448 1460 528 1534 dico,
563 1482 697 1540 quorum
719 1461 855 1524 maiores
878 1483 942 1525 non
965 1462 1004 1524 ad
1026 1461 1103 1526 illud
1129 1462 1178 1524 fa-

2 1553 14 1600 s
71 1562 203 1643 stigium
237 1561 339 1624 euecti
371 1566 485 1638 essent,
518 1562 564 1624 ita
592 1562 679 1625 nullo
712 1563 807 1626 modo
841 1563 994 1646 appellari
1027 1564 1177 1644 potuisse.

72 1663 129 1726 Sin
160 1668 266 1726 autem
297 1663 447 1744 patricius
480 1664 558 1727 ciuis
580 1664 607 1726 is
630 1664 803 1736 dicebatur,
827 1666 876 1728 cui
899 1666 931 1728 in
954 1670 1079 1747 patrum
1103 1687 1178 1728 con-

72 1765 179 1828 silium
201 1765 304 1828 aditus
327 1769 505 1845 pateret-
524 1787 619 1846 quam
640 1765 789 1828 uocabuli
804 1766 1100 1848 interpretationem
1115 1788 1178 1829 non

71 1889 202 1949 prorsus
224 1866 413 1930 reiciendum
438 1888 561 1942 censeo,
585 1889 775 1947 quamquam
798 1867 877 1930 mihi
899 1889 962 1930 non
981 1869 1089 1949 magni
1105 1887 1175 1948 pre·

70 1967 109 2030 tii
132 1989 202 2030 esse
224 1967 362 2032 uidetur:
385 1967 440 2030 sed
464 1967 599 2047 cogitari
621 1972 737 2049 potest,
760 1990 828 2030 rem
844 1990 881 2031 eo
897 1969 1081 2049 perductam
1099 1990 1177 2043 esse,

70 2073 106 2132 ut
127 2069 151 2130 ii
174 2068 243 2144 soli,
267 2090 400 2148 quorum
422 2068 558 2131 maiores
580 2069 663 2131 inter
685 2074 791 2149 patres
814 2069 958 2146 fuissent,
975 2070 1057 2132 inter
1069 2075 1176 2150 patres

70 2171 135 2252 legi
168 2172 298 2252 possent
329 2174 422 2250 atquc
453 2170 606 2252 temporis
638 2191 731 2233 cursu
754 2170 786 2232 in
808 2170 943 2251 patricia
965 2169 1177 2251 appellatione

71 2267 150 2335 du'ae
184 2271 329 2334 notiones
363 2271 637 2352 dignoscerentur:
674 2273 765 2334 cuius
796 2275 934 2334 oratores
963 2274 1048 2334 *inter
1065 2279 1179 2355 potres

68 2374 203 2454 fuerunt
237 2377 269 2435 et
302 2375 357 2456 pul
389 2374 472 2435 inter
499 2381 611 2456 potres
638 2373 700 2455 lepi
722 2381 847 2456 poterat
872 2409 909 2416 —
933 2373 981 2436 sin
1004 2373 1121 2436 iteres
1145 2395 1178 2436 se

70 2475 220 2550 habebat,
243 2474 307 2536 iam
329 2478 470 2537 ueterum
495 2474 610 2538 ciuium
632 2497 705 2556 pars
728 2475 834 2555 aliqua
858 2497 874 2538 e
896 2480 1022 2556 patrum
1045 2470 1177 2539 consilio

70 2579 139 2640 siue
170 2579 281 2640 senatu
307 2575 442 2656 patricio
466 2580 534 2638 erat
557 2575 692 2646 exclusa,
716 2598 818 2656 neque
840 2576 994 2657 intellige,
1020 2577 1178 2656 quomodo

70 2699 180 2741 omncs
203 2675 258 2761 illo
281 2676 408 2739 nomine
432 2698 450 2738 a
472 2676 562 2738 nouis
586 2675 708 2739 ciuibus
724 2677 875 2758 distingui
890 2675 1060 2756 potuerint.
1093 2674 1178 2738 Nam

69 2801 108 2843 ec
139 2778 209 2858 ipso
240 2781 393 2858 tempore,
417 2799 479 2858 quo
502 2777 618 2840 nouicii
641 2777 688 2839 illi
711 2779 797 2841 ciues
819 2778 852 2840 in
875 2777 1037 2840 ciuitatem
1061 2777 1178 2839 admit-

3 2901 4 2906 *
66 2884 221 2956 terantur,
245 2901 299 2942 eos
323 2900 431 2941 omnes
454 2878 559 2942 subito
582 2879 733 2959 patricios
756 2879 863 2942 uocari
881 2883 1011 2959 coeptos
1028 2899 1106 2954 esse,
1123 2878 1177 2958 qui

3 2993 4 2996 ’
66 2981 156 3045 nullo
188 2980 307 3062 publici
340 2980 418 3043 iuris
449 2979 614 3044 obstaculo
642 3003 661 3042 a
686 2984 814 3062 patrum
838 2979 970 3043 consilio
994 2984 1099 3042 essent
1122 3002 1177 3043 ex·

66 3083 149 3146 clusi
171 3117 211 3126 -·
234 3082 294 3144 hoc
316 3104 427 3164 parurn
450 3081 622 3144 uerisimile
646 3104 682 3144 ac
705 3103 805 3162 paene
829 3081 999 3144 absurdum
1015 3103 1093 3156 esse,
1108 3083 1178 3162 quis

66 3207 132 3248 non
147 3183 254 3246 uidet?
287 3181 347 3259 lta,
364 3205 458 3263 quam
474 3184 611 3246 tentauit
626 3181 832 3246 Christensen
846 3182 1101 3263 explicationem.
1117 3183 1178 3246 nisi

66 3285 172 3361 fallor,
196 3284 257 3348 sibi
279 3285 349 3365 ipsa
370 3289 527 3366 repugnat
549 3307 652 3365 neque
676 3284 768 3348 aliter
791 3284 916 3347 delendi
937 3285 1066 3366 poterit,
1084 3307 1177 3365 quam

66 3388 94 3450 si
125 3386 362 3468 sumpserimus,
394 3407 464 3448 cum
491 3386 626 3467 patricio
649 3386 776 3448 nomine
799 3390 923 3449 ueteres
947 3387 1031 3449 ciues
1055 3386 1178 3467 signifi·

66 3488 133 3551 cari
155 3487 341 3568 inciperent,
364 3487 426 3549 iam
451 3509 559 3550 omncs
583 3508 691 3550 eorum
716 3487 831 3550 ciuium
855 3491 966 3567 gentes
983 3487 1126 3550 alumnos
1142 3487 1175 3549 in

67 3594 181 3652 senatu
202 3589 362 3652 habuisse.
424 3666 427 3676 Ι

169 3687 281 3769 Neque
305 3689 481 3766 defuerunt,
505 3689 558 3770 qui
581 3692 739 3769 putarent,
755 3709 820 3750 rem
837 3687 995 3768 publicam
1012 3707 1175 3749 romanam

67 3791 238 3871 aliquando
269 3796 333 3853 tam
357 3790 503 3871 populari
525 3791 648 3853 ratione
671 3793 793 3870 gestam
817 3810 895 3851 esse.
940 3787 999 3850 Illa
1021 3786 1178 3850 sententia

66 3891 267 3955 defensorem
300 3895 412 3954 nactus
447 3897 494 3954 est
527 3891 730 3972 Herzogium,
764 3911 780 3952 c
808 3890 895 3952 cuius
923 3887 1176 3970 praeclarissimo

64 3993 160 4069 libre,
184 3993 238 4074 qui
259 3993 457 4055 inscribitur:
484 3993 667 4056 Gcscbiclzlc
690 3991 759 4053 ‘und
777 3989 899 4073 Systcnc
916 3991 972 4053 der·
989 3988 1178 4053 Rdmisclrcn

69 4093 381 4175 Slaatscerfcssnnp,
409 4116 510 4174 pauca
532 4094 584 4157 hic
607 4093 685 4156 mihi
709 4093 822 4155 afferre
854 4092 958 4156 liceat.
1003 4089 1018 4154 1
1040 4111 1111 4173 pag.
1136 4090 1176 4152 90

66 4197 138 4259 adn.
161 4197 180 4257 2
203 4194 282 4259 haec
302 4195 413 4259 habet:
441 4193 514 4257 “lch
530 4195 645 4276 glaube
662 4193 826 4269 ebcnfalls
845 4195 916 4257 dass
935 4191 1102 4256 innerhalb
1119 4193 1174 4254 des
