3004 5066
545 424 704 477 ,49-

174 576 282 660 Atque
304 587 431 662 praeter
452 585 556 666 ipsum
579 609 695 651 nomen
718 588 780 651 alia
798 570 852 654 ⁴res
868 590 1021 672 impedire
1037 591 1172 671 uidetur,

53 700 104 741 ne
132 681 310 760 credamus,
333 684 484 766 patricios
499 688 663 768 sanguine,
686 689 804 771 lingua,
828 691 952 773 legibus
968 693 1173 776 moribusque

54 781 323 865 indoeuropaeos
346 786 453 865 fuisse,
477 788 619 869 plebeios
641 813 772 872 prorsus
795 792 857 856 alio
880 793 988 874 stirpe,
1004 816 1068 858 non
1081 796 1171 874 indo-

54 904 242 964 europaeo,
274 908 342 950 esse
365 894 466 952 natos.
511 888 545 953 Si
567 893 746 971 statuimus,
768 893 922 976 populum
944 916 1110 960 romanum
1133 919 1171 960 ex

53 988 135 1048 tam
171 986 305 1052 diuersis
338 990 482 1071 partibus
516 993 722 1057 commixtum
754 1017 833 1072 esse,
857 995 952 1058 etiam
975 998 1171 1075 sumendum,

54 1088 150 1150 satis
183 1096 305 1154 remoto
339 1096 482 1174 tempore
514 1094 575 1158 duo
610 1095 665 1158 illa
693 1117 811 1177 genera
833 1097 997 1161 hominum
1019 1099 1052 1160 in
1074 1121 1170 1162 unum

56 1211 141 1252 esse
174 1191 314 1270 confusa,
349 1194 496 1274 quoniam
527 1217 564 1258 ea
593 1201 708 1274 aetate,
732 1198 821 1261 ouius
844 1221 901 1262 nos
924 1199 1062 1280 aliquam
1085 1201 1171 1264 noti-

55 1291 151 1356 tiam
180 1291 344 1371 habemus,
367 1295 502 1376 duplicis
525 1298 657 1379 originis
679 1299 767 1362 nulla
789 1301 925 1382 uestigia
947 1301 1170 1366 discerneban-

56 1400 121 1458 tur
156 1417 213 1459 nec
245 1396 309 1459 ulla
341 1400 492 1462 memoria
524 1401 673 1464 manebat
704 1400 777 1482 (nisi
809 1402 891 1466 forte
913 1403 946 1465 in
968 1402 1096 1466 Romuli
1122 1404 1170 1467 fa·

56 1496 148 1560 bula
170 1499 237 1561 eius
259 1500 305 1562 rei
329 1502 513 1564 memoriam
541 1506 699 1566 seruatam
723 1503 817 1584 uelis)
847 1509 878 1568 et
900 1505 1034 1586 patricia
1056 1505 1171 1569 nobili-

57 1605 118 1662 tas
145 1600 235 1680 regio
258 1603 382 1664 senatui
405 1603 560 1684 originem
583 1627 672 1668 suam
696 1605 811 1668 debere
833 1605 1015 1686 putabatur.
1050 1605 1171 1670 Uerum

58 1701 150 1764 haec
184 1702 337 1781 confusio,
371 1703 449 1767 haec
483 1705 712 1768 elementorum
745 1706 828 1769 inter
861 1727 894 1769 se
918 1728 1013 1786 quam
1036 1708 1171 1770 maxime

58 1803 236 1866 hostilium
267 1807 465 1886 exaequatio,
498 1829 578 1887 quae
610 1829 674 1870 uon
704 1807 807 1871 solum
838 1807 980 1888 linguam
1011 1812 1044 1870 et
1073 1808 1170 1889 leges,

60 1928 176 1970 mores
199 1912 231 1970 et
252 1912 356 1970 totum
378 1909 535 1972 sentiendi
558 1910 696 1987 modum,
720 1910 775 1972 sed
797 1909 893 1973 etiam
915 1909 1019 1989 ipsum
1047 1909 1170 1972 uultum

60 2013 100 2072 et
137 2010 279 2090 corporis
312 2009 447 2073 formam
482 2011 663 2092 attingeret,
698 2033 761 2073 non
794 2010 878 2073 ultra
900 2010 979 2072 fines
1003 2010 1171 2073 admodum

60 2114 224 2190 angustos
257 2112 387 2192 perduci
419 2113 533 2192 potuit,
565 2117 735 2192 antequam
767 2115 922 2174 statutum
952 2115 1009 2188 est,
1041 2115 1077 2173 ut
1104 2111 1171 2174 uio·

60 2216 159 2275 tores
192 2217 286 2293 atque
319 2213 460 2276 dediticii
482 2213 528 2276 illi
552 2213 709 2277 connubio
732 2213 816 2276 inter
838 2234 871 2276 se
894 2216 1067 2276 uterentur.
1097 2209 1173 2278 ,Sed

62 2315 157 2395 quod
178 2315 303 2394 patricii
326 2315 397 2396 lege
420 2314 572 2379 Canuleia
594 2315 680 2396 plebi
703 2315 896 2379 connubium
919 2315 1092 2378 concedere
1118 2335 1171 2377 co·

62 2417 136 2480 acti
169 2421 243 2479 sunt
276 2417 360 2497 (nam
395 2417 482 2498 leges
506 2417 673 2480 duodecim
695 2416 876 2480 tabularum
900 2416 932 2478 in
954 2415 1014 2479 hae
1037 2437 1071 2478 re
1094 2414 1173 2477 nihil

63 2539 205 2581 nouasse
228 2540 311 2582 nunc
334 2518 430 2600 uulgo
454 2523 495 2596 et,
520 2523 554 2581 ut
577 2518 699 2599 opinor,
723 2523 809 2581 recte
832 2516 990 2598 negatur),
1014 2517 1041 2579 si
1064 2538 1101 2579 ea
1123 2515 1171 2578 in-

63 2626 120 2683 ter
143 2619 284 2701 plebeios
307 2626 339 2684 et
360 2621 511 2701 patricios
535 2619 678 2683 homines
700 2619 762 2682 fuit
785 2618 963 2694 diuersitas
980 2639 1075 2697 quam
1097 2638 1171 2697 pro-

65 2722 179 2805 posuit
208 2721 394 2799 Bernhoelt,
417 2723 570 2802 sequitur,
593 2726 629 2784 ut
651 2721 868 2784 confusionem
892 2718 978 2781 illam
1002 2718 1171 2781 indoeuro-

63 2845 223 2906 paeonum
246 2828 278 2886 et
305 2825 525 2905 indigenarum
559 2845 623 2886 non
657 2826 730 2886 ante
754 2819 1006 2884 decemuirorum
1028 2823 1172 2899 tempora

65 2925 166 3015 latius
188 2927 358 3007 propagari
382 2928 524 3008 coepisse
547 2926 722 3007 putandum
745 2924 796 2986 sit.
841 2919 903 2985 Sed
924 2920 986 2984 hoo
1008 2920 1053 2982 ita
1075 2920 1172 2984 fuisse

66 3049 272 3108 nequaquam
295 3028 429 3109 cogitari
451 3031 567 3110 potest,
591 3026 666 3108 quia
689 3025 796 3106 aliqua
818 3024 885 3086 eius
908 3021 954 3085 rei
977 3021 1122 3102 uestigia,
1146 3023 1172 3084 si

65 3134 136 3192 tam
171 3150 280 3192 recens
315 3130 437 3207 fuisset,
472 3129 539 3192 sine
574 3127 669 3191 dubio
702 3127 735 3190 in
767 3125 906 3205 antiquis
928 3123 1044 3186 litteris
1067 3129 1172 3186 essent

66 3233 207 3294 servata.
252 3229 363 3311 ltaque
398 3232 482 3312 quod
514 3229 722 3311 patriciorum
757 3231 788 3290 et
810 3224 913 3307 plebis
937 3223 1111 3288 certamina
1133 3247 1171 3287 ex

69 3331 314 3414 indoeuropaeis
331 3332 512 3415 ¹uictoribus
537 3335 569 3394 et
591 3331 724 3394 deuictis
747 3326 906 3408 indigenis
922 3325 1005 3388 inter
1021 3346 1055 3388 se
1071 3347 1171 3406 oppo-

67 3435 142 3500 sitis
164 3434 280 3515 repetit
302 3432 488 3511 Bemhoeft,
511 3431 571 3496 hoc
595 3453 658 3495 non
680 3434 766 3493 recte
790 3429 830 3492 ab
855 3449 892 3491 eo
916 3447 984 3492 esse
1008 3426 1170 3506 excogita-

67 3543 141 3602 tum
162 3557 348 3617 persuasum
371 3534 474 3598 habeo
487 3533 506 3596 ¹.

70 3675 271 3684 --—--..-----

176 3738 184 3767 ¹
202 3744 312 3788 Prorsus
336 3743 385 3787 alia
413 3744 531 3802 quaestio
553 3745 601 3801 est,
620 3753 682 3786 num
703 3738 808 3784 omnino
828 3734 932 3780 diuersa
951 3731 1110 3776 matrimonii
1129 3745 1170 3789 ga-

71 3843 143 3887 nera,
169 3829 258 3874 uxoris
285 3827 401 3873 condicio
428 3828 488 3886 plus
516 3827 636 3873 minusue
661 3824 751 3881 libera,
776 3822 929 3878 agnatorum
949 3819 1171 3874 cognatorumque

71 3915 131 3963 aliis
156 3913 318 3972 temporibus
346 3912 397 3957 alia
420 3913 485 3957 ratio
504 3912 593 3957 habita
612 3923 659 3969 per
678 3909 788 3954 duarum
807 3902 925 3962 gentium
944 3901 1001 3945 iura
1019 3902 1045 3944 et
1063 3912 1171 3946 consue-

71 3999 176 4047 tudines
203 3998 270 4043 inter·
293 4010 321 4042 so
340 3997 469 4042 contraria
487 3995 643 4042 declaranda
662 3993 722 4051 sint,
740 3995 770 4038 ut
787 3989 846 4035 uult
863 3983 1013 4031 Bernhoeit.
1050 3983 1120 4038 Quae
1140 3985 1171 4029 ad

71 4083 226 4132 sententiam
244 4095 319 4128 suam
338 4081 529 4128 defendendam
548 4080 657 4138 protulit
675 4078 715 4124 uir
733 4073 909 4129 doctissimus,
928 4081 998 4127 num,
1012 4071 1039 4113 ut
1053 4068 1171 4114 acumine

69 4175 99 4218 ot
113 4169 229 4214 doctrina
248 4168 388 4226 conspicua
406 4171 474 4227 sunt,
493 4168 529 4213 ita
548 4167 580 4212 ad
598 4161 676 4211 fidem
695 4159 842 4207 faciendam
862 4156 913 4201 sint
932 4152 1108 4211 accomodata,
1120 4165 1168 4197 nou

70 4256 114 4302 hio
137 4253 209 4298 locus
231 4256 272 4298 est
294 4252 469 4312 perquirendi.
510 4253 655 4308 Antequam
676 4245 777 4293 adalia
797 4246 909 4299 transeo,
928 4238 992 4282 haec
1011 4235 1170 4281 Bcrniroeiu‘

148 4351 172 4388 Ε.
187 4349 290 4388 Staaft.
319 4351 350 4389 De
365 4351 456 4398 origine
471 4349 577 4397 gentium
592 4349 753 4397 patriciarum.
1089 4339 1103 4382 4
