3004 5066
548 433 711 486 ...57-

54 596 225 678 temporis
257 617 350 660 eursu
381 599 535 670 mutatae:
566 595 650 675 quod
681 595 719 658 ad
752 617 821 658 eam
852 616 919 658 rem
952 595 1075 671 attinet,
1107 594 1183 657 satis

56 698 129 760 erit
163 697 335 773 monuisse,
367 718 448 760 nunc
479 697 565 760 uiros
588 697 698 760 doctos
721 697 761 759 ad
783 696 870 759 illam
893 680 1182 760 ueterem'senten-

54 800 147 862 tiam
183 799 279 879 uulgo
308 819 453 862 reuersos
475 798 586 874 uideri,
610 821 704 878 quam
727 799 865 861 desernit
886 796 1065 874 Niebubr¹‚
1088 802 1183 877 atque

56 901 265 976 existimare,
288 899 453 980 gentilium
478 919 653 962 connexum
677 921 693 961 e
714 899 876 980 sanguinis
893 899 1113 963 communione
1130 919 1182 960 or-

56 1008 137 1064 tum
172 1023 255 1076 esse:
287 1001 341 1064 sed
370 1005 475 1063 utrum
497 1005 583 1063 recte
606 1000 776 1064 statuerint
798 1021 907 1077 necne,
931 999 1093 1082 gentilicia
1115 1000 1184 1062 iura

59 1104 106 1166 ad
139 1103 294 1184 patricios
326 1102 422 1178 solos,
454 1124 517 1165 non
549 1103 587 1164 ad
618 1101 744 1182 plebem
775 1101 975 1183 pertinuisse,
998 1103 1025 1165 si
1047 1101 1184 1182 perspici

58 1205 184 1287 possit,
207 1203 268 1267 hoc
291 1205 330 1267 ad
348 1205 565 1284 quaestionem
581 1208 722 1267 nostram
739 1204 922 1267 soluendam
939 1225 1033 1284 quam
1047 1203 1183 1265 maxime

60 1305 207 1368 intersit.
251 1303 336 1367 Nam
368 1305 393 1366 si
426 1304 481 1367 ille
509 1305 588 1380 iura,
617 1327 750 1385 quorum
773 1309 863 1368 tanta
887 1309 954 1368 erat
976 1309 1128 1380 uetustas,
1151 1303 1183 1365 in

60 1408 131 1470 illis
167 1407 268 1470 solnm
299 1407 436 1470 ualuisse
469 1407 682 1470 confitendum
714 1408 765 1484 sit,
797 1407 904 1470 nescio
936 1430 976 1469 an
999 1427 1061 1468 non
1084 1405 1184 1487 possit

63 1509 196 1590 negari,
219 1508 316 1570 fuisse
338 1513 473 1590 tempus
497 1531 558 1589 qno
582 1508 695 1572 ciuitas
718 1531 782 1572 non
804 1508 888 1571 ultra
910 1529 964 1572 eos
987 1511 1119 1588 pateret.

174 1608 351 1672 Mommsen
377 1609 622 1690 praeclarissimi
650 1609 738 1672 libri:
768 1609 951 1673 Rdmiecbes
977 1607 1183 1686 Stuotsrecbt

64 1712 160 1778 cuius
183 1711 247 1773 iem
271 1710 486 1792 compluribus
509 1711 588 1774 locis
611 1711 804 1774 mentionem
826 1711 898 1785 feci,
918 1710 1045 1774 tertiam
1061 1713 1183 1790 partem

63 1813 119 1876 his
144 1811 251 1875 uerbis
275 1811 401 1892 incipit:
429 1811 507 1874 “Die
531 1811 761 1892 Btirgerschelt
783 1811 884 1875 heisst
899 1813 959 1874 den
974 1810 1113 1874 Rdmern
1130 1831 1182 1872 ur-

65 1908 257 1994 sprriuglich
280 1914 431 1996 populeo,
459 1913 622 1994 sptterhin
652 1913 732 1976 auch
756 1915 889 1993 ciuitate·
911 1913 956 1976 sie
979 1901 1222 1975 besteht·ans''

66 2016 159 2079 einer
195 2015 442 2082 unbestimmten
477 2013 556 2084 Zehl
591 2037 652 2078 von
684 2013 942 2091 Geschlmhtern,
973 2021 1089 2095 pentes,
1121 2014 1184 2075 und

63 2119 158 2200 jedes
183 2114 377 2180 Geschlecht
400 2139 455 2178 aus
479 2117 566 2180 einer
588 2117 835 2180 unbestimmten
858 2115 982 2179 Anzahl
1003 2115 1098 2178 theils
1123 2137 1184 2178 von

68 2219 196 2294 Preion,
218 2226 328 2301 putres
351 2219 427 2282 oder
441 2221 586 2301 patricii,
603 2218 698 2282 theils
715 2241 777 2282 von
792 2217 946 2299 Hbrigen‚
964 2219 1092 2280 clientes
1108 2217 1183 2280 oder

66 2319 195 2403 plebeii,
219 2341 253 2382 so
277 2319 348 2382 dass
371 2320 420 2382 die
443 2319 673 2400 Btirgerschaft
695 2319 738 2382 im
762 2319 958 2382 rechtlichen
981 2317 1058 2382 Sinn
1080 2317 1182 2400 gehil-

69 2422 123 2484 det
155 2420 235 2482 wind
263 2420 362 2483 durch
384 2421 434 2483 die
458 2419 691 2484 Gesemmtheit
714 2422 769 2484 der
792 2443 846 2484 zur
868 2420 939 2484 Zeit
960 2419 1184 2483 vorhandenen

68 2522 171 2585 t'reien
195 2519 571 2602 Geschlechtsgenossen,
595 2523 651 2585 der
673 2525 818 2606 quirites,
842 2526 949 2604 opiter
972 2524 1085 2584 ciues“

173 2621 331 2697 Quantum
367 2626 455 2707 penti
492 2622 613 2716 tribuat
651 2623 836 2701 Mommsen,
872 2623 968 2686 etiam
1003 2621 1072 2684 aliis
1105 2620 1182 2684 locis

69 2723 219 2799 ostendit,
251 2723 338 2786 uelut
365 2745 435 2787 cum
462 2723 580 2787 ibidem
602 2747 633 2804 p.
658 2725 676 2786 9
699 2723 760 2787 hoe
783 2724 906 2786 scribit:
942 2722 1019 2784 “Die
1042 2721 1182 2802 Btirger-

69 2823 175 2889 sehaft
206 2824 285 2887 wird
316 2825 456 2906 gebildet
478 2824 577 2888 durch
601 2825 670 2887 eine
693 2823 817 2888 Anzahl
839 2847 901 2888 von
925 2822 1182 2898 Geschlechterm

68 2927 134 2990 und
166 2947 199 2988 es
229 2948 314 2989 muss
339 2926 430 3008 jeder
452 2923 577 3006 Burger
600 2926 687 2989 einer
709 2926 875 2989 derselben
899 2925 944 2988 als
967 2925 1063 2988 freier
1085 2924 1182 2987 Manu

70 3026 281 3108 angehdren.“
323 3027 365 3090 Et
381 3027 432 3090 hic
449 3049 519 3090 eum
535 3027 640 3091 locum
658 3028 691 3089 in
708 3027 894 3090 memoriam
910 3047 1060 3090 reuocare
1076 3025 1180 3101 liceat,

70 3129 109 3191 de
133 3149 195 3208 quo
218 3150 313 3210 supra
334 3128 457 3192 locutus
474 3127 579 3192 sum²:
607 3127 684 3192 “Die
702 3127 1067 3209 Geschlechtsgenossen
1083 3126 1181 3206 (heis-

70 3228 140 3309 sen)
171 3229 232 3292 wie
262 3231 405 3312 perztitec,
437 3252 472 3293 so
504 3231 584 3293 auch
603 3239 715 3313 potres
739 3269 777 3276 -
803 3265 852 3308 —·,
877 3228 953 3294 oder
975 3227 1182 3312 adjectivisch

65 3332 204 3416 patricii
228 3334 294 3393 —.“

131 3427 133 3430 ’
174 3429 264 3505 Quod
300 3433 338 3494 ad
372 3432 533 3495 ciuitatem
573 3433 825 3496 constituendam
865 3432 1078 3512 gentilitatem
1116 3436 1182 3494 tam

69 3533 178 3613 magni
207 3533 355 3614 ponderis
378 3533 476 3596 fuisse
499 3533 648 3610 declarat,
672 3535 782 3597 dubito
806 3555 846 3596 an
868 3533 941 3596 huic
964 3533 1095 3596 nimiam
1117 3533 1181 3594 uim

70 3633 291 3714 assignauerit.
329 3634 378 3697 Ad
403 3657 473 3697 eam
495 3636 676 3716 opinionem
701 3635 998 3716 eomegisinclino‚
1017 3633 1181 3696 cumliaco

176 3767 318 3818 ¹Niebuhr
345 3787 395 3819 non
421 3773 521 3832 primus
549 3774 661 3833 negauit,
688 3774 797 3830 gentiles
817 3787 847 3818 ex
866 3774 957 3819 eodem
979 3773 1059 3831 stirpe
1080 3773 1180 3829 genitos

71 3867 138 3904 esse.
175 3857 241 3902 Ante
261 3870 320 3903 enm
340 3857 532 3902 Miihlenbruch
551 3858 660 3903 eandem
680 3857 835 3904 sententiam
853 3857 998 3916 protulerat
1010 3856 1058 3910 (De
1070 3863 1181 3902 aeteram

72 3955 235 3987 romanorum
256 3942 372 4000 pentibus
395 3947 416 3986 et
435 3943 551 3998 sentitiis.
590 3943 719 3987 Rostocbtt
738 3942 823 3996 1807).
860 3941 926 3996 Quid
945 3942 976 3986 de
995 3941 1115 3998 gentibue
1134 3955 1180 4000 pu·

1 4089 2 4092 Ἴ
71 4025 199 4072 teuieeent
226 4025 276 4070 uiri
294 4027 371 4085 docti,
400 4027 505 4084 copiose
524 4027 645 4085 exposuit
667 4026 697 4071 Κ,
722 4025 830 4072 Liebold
850 4025 1040 4085 dissertdtione,
1060 4039 1125 4084 quae
1144 4027 1180 4070 in·

71 4111 167 4170 scripta
194 4113 246 4158 est:
274 4110 320 4154 Die
347 4110 488 4156 Ansichten
518 4111 581 4156 iiber
608 4111 649 4155 die
677 4111 843 4167 Entstehung
868 4111 922 4156 und
951 4111 997 4156 des
1021 4111 1112 4156 Wesen
1135 4111 1181 4156 der

71 4198 183 4256 gentes
203 4194 363 4253 patriciae
381 4195 406 4240 in
425 4195 499 4242 Rom.
518 4195 538 4240 Ι.
557 4195 590 4240 ΙΙ.
611 4196 698 4252 Progr.
717 4195 838 4241 Meerane
859 4197 931 4242 1890.

173 4273 183 4302 ‘²
201 4279 266 4326 Uide
284 4291 364 4339 supra
382 4294 406 4340 p.
427 4282 465 4326 45.
