3004 5066
828 205 836 244 l

779 435 935 487 -36,-

304 598 419 680 obring
446 598 457 660 i
480 595 694 679 Modsaetning
715 596 754 660 til
776 595 935 660 Treeldom
958 618 1001 678 og
1023 595 1099 660 deus
1122 596 1269 660 blivende
1292 596 1412 660 Maerke

303 723 364 780 paa
395 701 432 763 de
466 697 624 780 Frigivne,
647 697 943 762 Besiddelselbshed
965 720 1008 780 og
1030 697 1332 780 Undertryklrelse.“
1380 696 1413 760 Si

303 801 382 864 haec
416 799 521 863 omnia
554 823 616 864 uno
649 804 793 881 tempore
827 801 936 864 adesse
968 799 1046 863 uelit
1072 800 1122 863 uir
1149 800 1351 864 doctissimus
1374 801 1412 862 ad

302 902 503 966 nobilitatem
527 901 735 979 efficiendam,
757 923 871 965 uereor
893 923 932 964 ne
947 923 1057 982 parum
1075 905 1166 964 caute
1183 902 1294 983 egerit.
1328 899 1412 964 Nam

301 1003 377 1067 licet
398 1003 723 1066 Lacedaemoniorum
746 1001 924 1083 exemplum
948 1003 1070 1078 doceat,
1092 1002 1251 1066 libertatis
1266 1003 1412 1066 etserui-

300 1104 379 1168 tutis
402 1104 571 1166 discrimen
593 1103 720 1166 efficere
742 1125 846 1184 posse,
869 1108 904 1166 ut
926 1103 1076 1167 nobilitas
1100 1103 1229 1180 oriatur,
1252 1104 1299 1166 ita
1319 1125 1413 1167 omne

301 1205 478 1270 nobilitatis
506 1226 606 1287 genus
634 1204 803 1282 exstitisse,
826 1204 924 1266 nimia
946 1203 1077 1268 audacia
1100 1203 1310 1280 concluditur;
1335 1227 1412 1268 con-

300 1312 360 1382 tra,
384 1308 410 1369 si
432 1306 611 1369 recentiora
632 1310 777 1386 tempora
799 1306 985 1386 respicimus
1006 1305 1137 1386 --quid
1160 1306 1242 1368 enim
1266 1306 1304 1368 de
1328 1307 1412 1369 anti-

301 1408 454 1488 quissima
475 1406 664 1489 populorum
687 1411 791 1470 aetate
814 1405 955 1486 loquitur
970 1405 1109 1487 Maduig,
1126 1407 1164 1470 de
1180 1429 1242 1487 qua
1253 1407 1319 1470 fere
1332 1407 1414 1470 nihil

301 1509 374 1571 sciri
399 1511 525 1589 potest?
550 1544 587 1552 -—
611 1507 696 1572 haud
718 1529 791 1571 raro
814 1508 846 1570 in
868 1508 938 1588 ipso
960 1507 1137 1570 nobilitatis
1161 1512 1232 1571 ortu
1254 1507 1339 1571 illius
1362 1508 1412 1570 di-

300 1610 458 1672 scriminis
490 1631 616 1672 causam
647 1609 783 1690 positam
806 1609 904 1672 fuisse
927 1609 1079 1672 uidemus.
1124 1609 1236 1672 Liceat
1257 1609 1310 1672 liic
1334 1631 1411 1672 enu-

300 1733 432 1788 merare,
460 1711 574 1792 quibus
603 1710 824 1798 fundamentis
838 1710 1039 1774 nobilitatem
1061 1711 1120 1774 niti
1147 1712 1321 1775 docuerunt
1345 1709 1411 1774 Ru·

240 1886 242 1891 .
301 1811 374 1875 bino
398 1817 430 1876 et
452 1812 492 1876 H.
516 1810 677 1876 Dondorff
686 1810 705 1889 ¹,
722 1833 855 1892 quorum
871 1811 988 1874 iudicia
1002 1812 1095 1894 plane
1112 1813 1307 1894 conspirant;
1331 1811 1411 1876 haec

238 1901 241 1908 ¹
299 1918 384 1977 sunt:
408 1914 544 1996 primum
568 1912 687 1977 clarum
709 1935 819 1993 genus,
842 1918 908 1975 tum
933 1913 1072 1990 diuitiae,
1094 1912 1205 1976 deinde
1225 1912 1412 1976 bellicarum

298 2036 404 2078 rerum
426 2015 539 2078 melior
562 2014 737 2096 disciplina,
761 2014 896 2095 denique
920 2014 1022 2077 ciuilis
1045 2019 1077 2076 et
1092 2015 1191 2077 diuini
1207 2015 1283 2078 iuris
1296 2015 1412 2096 peritia

299 2121 394 2197 atque
424 2139 509 2179 usus.
553 2114 604 2180 Ad
636 2138 715 2196 quae
744 2115 930 2197 plerumque
959 2116 1109 2178 accedere
1132 2116 1225 2179 credo
1248 2116 1327 2178 certi
1351 2116 1410 2178 ali-

299 2217 385 2280 cuius
407 2217 527 2297 publici
549 2217 688 2280 muneris
711 2217 1028 2280 administrationem.
1063 2216 1114 2280 Ex
1129 2216 1189 2280 hac
1205 2217 1304 2298 igitur
1319 2221 1411 2297 parte

298 2317 458 2380 annalium
481 2319 651 2400 scriptores
674 2317 754 2380 nihil
770 2322 880 2380 contra
890 2317 1043 2381 historiae
1055 2323 1227 2399 praecepta
1238 2317 1411 2398 deliquisse

299 2418 456 2482 existimo.

399 2518 436 2582 ln
468 2519 528 2583 hac
559 2521 835 2584 commentationis
865 2542 954 2584 meae
977 2524 1067 2601 parte
1090 2519 1168 2582 mihi
1190 2521 1352 2602 proposui,
1376 2527 1412 2583 ut
1445 2523 1447 2528 ’

298 2621 535 2702 inuestigarem,
568 2643 644 2684 num
677 2643 724 2699 ea,
759 2643 839 2702 quae
871 2622 908 2684 de
939 2622 1145 2702 patriciarum
1172 2623 1314 2703 gentium
1338 2627 1410 2685 ortu

297 2723 495 2786 tradiderunt
517 2726 641 2786 ueteres
665 2723 847 2804 scriptores,
869 2744 926 2804 per
948 2744 982 2785 se
997 2727 1063 2785 tam
1078 2722 1158 2785 nihil
1172 2723 1410 2804 probabilitatis

296 2823 461 2901 haberent,
490 2828 525 2886 ut
547 2823 599 2886 uel
622 2823 662 2887 ob
686 2845 755 2886 eam
778 2846 906 2887 causam
929 2828 1035 2887 essent
1057 2823 1263 2904 explodenda.
1309 2821 1410 2905 Spero

297 2924 375 2987 mihi
408 2946 593 2988 concessum
625 2925 675 3001 iri,
708 2947 772 2988 non
806 2946 874 2988 esse
906 2924 1123 3000 dubitandum,
1155 2926 1231 3005 quin
1257 2925 1410 2989 nobilitas

297 3026 425 3088 omnino
447 3025 503 3088 illo
525 3025 619 3088 modo
643 3026 719 3089 oriri
741 3027 852 3108 possit.
887 3024 948 3088 Sed
972 3026 1121 3105 quoniam
1144 3025 1223 3089 haec
1246 3026 1409 3103 nobilitas,

297 3129 334 3190 de
358 3151 420 3208 qua
443 3128 632 3208 quaerimus,
655 3133 781 3209 patrum
805 3134 836 3191 et
851 3129 1057 3210 patriciorum
1073 3128 1252 3192 nominibus
1265 3129 1408 3210 appella-

296 3234 357 3304 tur,
369 3250 434 3291 non
448 3229 560 3291 inutile
576 3229 637 3291 erit
653 3230 804 3310 cogitare,
820 3233 926 3292 utrum
942 3230 1063 3292 utrauis
1086 3230 1153 3292 eius
1166 3229 1256 3310 origo
1270 3251 1341 3292 cum
1354 3230 1410 3292 illa

296 3328 509 3410 appellatione
542 3329 704 3392 conciliari
734 3331 845 3412 possit,
877 3353 917 3393 an
947 3335 1079 3413 propter
1097 3337 1229 3413 patrum
1249 3336 1281 3394 et
1296 3335 1409 3414 quatri-

296 3434 416 3494 ciorum
439 3432 567 3494 nomina
594 3430 760 3512 probabile
787 3433 853 3509 fiat,
886 3433 1036 3513 patricias
1071 3437 1181 3513 gentes
1215 3431 1276 3495 hoc
1299 3433 1408 3514 potius

246 3576 249 3583 -
296 3555 390 3613 quam
405 3532 460 3596 illo
483 3533 577 3596 modo
601 3533 796 3613 superiorem
812 3534 844 3595 in
861 3533 989 3596 ciuitate
1005 3533 1109 3596 locum
1126 3554 1194 3596 esse
1210 3539 1407 3597 consecutae.

395 3633 482 3698 luter
514 3655 623 3697 omnes
657 3639 791 3711 constat,
826 3657 896 3698 cum
929 3636 962 3697 in
994 3635 1132 3714 antiquis
1163 3634 1253 3697 libris
1274 3643 1408 3717 potrum

295 3736 413 3800 mentio
435 3735 482 3812 fit,
506 3757 569 3799 non
592 3757 716 3816 semper
732 3737 842 3799 eodem
860 3757 954 3799 sensu
970 3735 1047 3799 illud
1062 3735 1250 3799 uocabulum
1267 3736 1407 3816 positum

295 3860 373 3901 esse.
395 3837 501 3918 Atque
524 3842 674 3918 quattuor
695 3839 797 3902 modis
812 3843 998 3919 usurpatum
1013 3859 1082 3901 esse
1098 3838 1232 3914 uidetur,
1247 3842 1283 3900 nt
1298 3842 1407 3919 patres

294 3938 528 4020 appellarentur
556 3943 624 4002 tum
647 3961 756 4002 omnes
778 3940 811 4017 ii,
835 3940 888 4020 qui
910 3939 1063 4021 patriciae
1086 3939 1190 4019 gentis
1214 3943 1314 4016 erant,
1337 3943 1407 4002 tum

293 4042 325 4118 ii,
358 4042 412 4121 qui
443 4042 619 4123 posteriore
648 4045 751 4104 aetate
779 4042 948 4123 optimates
975 4040 1171 4118 dicebantur,
1204 4044 1271 4103 tum
1294 4039 1328 4117 ii,
1353 4040 1407 4120 qui

294 4143 482 4205 auctoritate
504 4165 561 4206 sua
582 4142 766 4223 rogationes
782 4142 1013 4206 confirmabant
1027 4146 1060 4204 et
1076 4141 1115 4204 ad
1136 4142 1313 4222 interreges
1329 4163 1405 4222 pro-

377 4260 583 4312 ·¹Hisiorische
602 4265 752 4312 Zeitschrilt
773 4268 834 4312 1891
856 4280 899 4325 pp.
919 4267 967 4312 216
987 4279 1044 4323 sqq.
