3004 5066
756 425 913 476 ..94-

282 587 400 667 pretori
423 587 534 650 solitos
557 607 635 662 esse,
660 586 734 666 quia
755 585 789 648 hi
811 584 917 666 legum
940 585 1055 648 notitia
1073 606 1136 648 non
1152 589 1257 648 essent
1272 585 1389 648 imbuti

282 688 330 761 (τὰ
352 685 462 761 δίκαια,
485 684 525 748 ὢν
546 683 601 748 otu
624 682 707 769 εἶχον
731 683 835 747 ἐκεῖνοι
857 688 909 767 τὴν
933 683 1120 770 ἐπιστήμην),
1142 685 1203 750 hoc
1218 686 1310 749 nihili
1328 691 1387 760 est,

282 789 343 852 nisi
366 788 497 852 clientes
520 788 580 869 ipsi
603 810 660 868 per
682 809 715 850 se
737 787 808 868 lege
832 808 926 867 agere
948 791 1135 868 potueruut3
1159 792 1191 850 et
1205 787 1266 851 hoc
1281 788 1332 851 ius
1348 789 1388 851 iis

282 912 345 953 non
379 889 527 968 defuisse,
561 894 670 970 aperte
704 911 741 952 ea
772 889 952 966 ostendunt,
984 911 1065 970 quae
1095 894 1169 972 post
1194 896 1387 970 sequnntur:

282 1002 366 1074 κοινῇ
390 990 416 1051 δ’
439 988 620 1075 ἀμφοτέροις
643 988 707 1052 οὔτε
730 987 809 1052 ὅσιον
832 987 897 1052 οὔτε
919 991 1010 1073 θέμις
1032 987 1068 1073 ἠν
1090 999 1265 1073 κατηγορεῖν
1288 988 1388 1074 ἀλλή-

282 1092 341 1153 λων
374 1089 420 1154 ἐπὶ
453 1090 559 1166 δίκαις,
593 1114 673 1172 quae
707 1092 767 1155 nisi
798 1091 932 1156 liberam
963 1092 1034 1173 lege
1064 1091 1177 1174 agendi
1201 1092 1389 1156 facultatem

283 1194 424 1274 utrisque
448 1193 704 1270 concesserim,
732 1193 854 1257 nullum
876 1193 996 1257 habent
1018 1215 1154 1257 sensum.
1198 1191 1313 1274 Neque
1336 1196 1386 1257 ui-

282 1296 341 1358 deo
362 1294 411 1370 iis,
436 1315 516 1375 quae
539 1294 663 1357 aliunde
687 1295 724 1357 de
748 1294 895 1358 clientela
918 1299 950 1357 et
971 1299 1142 1375 patronatu
1167 1296 1387 1376 cognorimus,

282 1395 427 1476 Dionysii
450 1395 549 1458 uerba
571 1395 761 1458 confirmari.
798 1394 874 1458 Non
895 1395 994 1476 igitur
1017 1394 1134 1459 Genzio
1150 1396 1298 1460 assentiri
1310 1418 1387 1477 pos-

282 1520 360 1574 sum,
388 1497 441 1576 qui
463 1495 524 1560 hoc
547 1496 618 1560 loco
641 1497 837 1560 diuersorum
861 1501 1041 1578 temporum
1064 1496 1195 1562 confusa
1217 1497 1287 1560 iura
1309 1519 1386 1578 pro·

280 1598 356 1662 ferri
379 1597 558 1678 suspicatur
581 1602 612 1661 et
634 1597 684 1661 his
707 1597 814 1661 uerbis
836 1619 903 1661 rem
927 1597 1085 1680 explicare
1109 1597 1278 1661 conatur¹:
1307 1597 1385 1679 '‘(es)

278 1699 402 1781 ergiebt
432 1698 500 1762 sich
529 1722 584 1762 aus
608 1699 711 1776 sallem,
734 1722 799 1762 was
823 1700 877 1762 wir
900 1699 1036 1762 dariiber
1058 1704 1147 1762 sonst
1168 1699 1289 1775 nissen,
1314 1700 1385 1762 dass

277 1802 310 1864 in
341 1802 396 1863 der
426 1799 496 1863 Zeit
529 1800 633 1862 seiner
664 1799 926 1882 ursprtinglichen
954 1798 1145 1880 Bedeutung
1171 1800 1242 1863 dam
1265 1798 1385 1862 Patron

277 1903 327 1966 die
351 1903 548 1983 Vertretung
570 1903 624 1965 des
648 1900 791 1965 Clienten
815 1901 1071 1965 ausschliesslich
1093 1901 1285 1982 tibertragen
1309 1923 1384 1963 war.

278 2003 369 2067 Denn
403 2003 458 2066 der
487 2011 648 2087 petronus
678 2003 758 2065 wird
789 2003 859 2065 dem
887 2010 982 2084 poter
1012 2003 1123 2066 audie
1147 2001 1232 2066 Seite
1256 2003 1385 2083 gestellt

278 2105 370 2187 (Gell.
394 2104 424 2168 V
449 2104 511 2184 13),
543 2105 607 2167 und
635 2109 728 2168 unter
754 2105 863 2181 denen,
888 2104 1007 2167 welche
1031 2105 1206 2184 unmtindig
1227 2103 1297 2166 sind
1320 2104 1384 2166 und

277 2207 509 2288 selbsttndiger
533 2205 841 2287 Rechtsvertretung
864 2205 1049 2282 entbehren‚
1073 2210 1167 2268 unter
1189 2206 1248 2268 den
1259 2205 1384 2290 pupilli

277 2309 340 2370 und
372 2308 521 2391 hospites
552 2307 674 2370 werden
708 2308 757 2370 die
788 2309 916 2370 clientes
939 2310 1079 2388 genennt
1101 2305 1194 2386 (Gell.
1219 2329 1246 2368 6.
1270 2329 1297 2368 a.
1322 2303 1383 2386 0.).

276 2406 368 2470 Auch
396 2429 461 2469 war
484 2410 538 2471 der
559 2408 708 2488 religiose
731 2406 858 2484 Schutz,
882 2408 1016 2471 welcher
1039 2408 1098 2470 den
1122 2407 1265 2471 Clienten
1288 2429 1384 2488 sogar

277 2508 358 2572 noch
382 2509 480 2572 durch
504 2511 553 2572 die
577 2507 638 2571 Xll
661 2507 773 2570 Tafeln
796 2508 940 2589 gew'athrt
963 2510 1080 2586 wurde‚
1103 2508 1192 2572 nicht
1208 2531 1242 2572 so
1258 2507 1382 2589 nothig,

276 2632 367 2673 wenn
390 2610 434 2673 sie
457 2609 525 2673 sich
547 2610 646 2673 selbst
668 2611 729 2672 den
752 2609 983 2674 Rechtsschutz
1000 2609 1197 2673 verschaffen
1209 2611 1380 2673 16666666.ιι

276 2709 311 2774 ln
344 2715 454 2793 aperto
487 2716 543 2787 est,
576 2733 671 2791 quam
697 2710 778 2773 nihil
800 2710 929 2773 ualeant
950 2710 1006 2773 illa
1029 2715 1224 2792 argumenta.
1270 2709 1382 2774 Consi-

276 2811 421 2874 deremus
443 2813 485 2888 id,
509 2814 594 2893 quod
615 2813 719 2876 medio
743 2813 814 2876 loco
837 2813 953 2895 posuit.
991 2812 1040 2875 Ea
1063 2811 1157 2876 Gellii
1177 2814 1284 2890 uerba,
1301 2810 1382 2893 quo-

276 2935 346 2974 rum
380 2915 572 2977 mentionem
603 2915 690 2991 facit,
722 2914 800 2978 haec
832 2920 918 2978 suut:
950 2917 1091 2998 priunum
1118 2917 1210 2977 iuutu
1230 2921 1383 2998 parentes

277 3013 376 3075 locum
412 3021 515 3077 teuere
547 3016 689 3099 pupillos·
721 3017 828 3078 debere
857 3015 934 3096 fidet
966 3017 1141 3100 tutelaeque
1164 3023 1292 3080 6636666
1317 3037 1381 3077 cre-

276 3114 369 3197 ditos,
405 3117 575 3179 secuudum
608 3138 658 3179 663
686 3119 869 3199 propincum
901 3119 1002 3180 locum
1031 3119 1157 3180 clientes
1180 3118 1302 3193 uiatore,
1326 3119 1382 3200 qui

276 3237 340 3276 3636
374 3217 482 3279 itidem
517 3219 550 3279 iu
579 3217 674 3297 fidene
701 3219 982 3300 patrociniumque
1011 3225 1154 3282 nostrum
1178 3218 1381 3297 dediderunt,

276 3322 341 3377 tune
365 3318 398 3378 tu
422 3319 515 3378 tertio
539 3318 603 3379 loco
626 3318 780 3401 hospites·
798 3327 911 3402 posteo
936 3340 1001 3382 6336
1026 3327 1174 3401 eopuotos
1194 3318 1379 3402 affinesque.

276 3415 377 3490 Quid?
414 3417 563 3481 Etiamne
590 3426 742 3501 ponentes
771 3424 866 3500 atque
891 3423 1017 3503 coeunti
1040 3425 1071 3484 et
1094 3420 1210 3502 afflues
1232 3443 1296 3485 nou
1319 3421 1381 3484 nisi

274 3539 331 3596 per
354 3518 489 3581 alienam
512 3541 640 3601 operam
662 3520 734 3601 lege
757 3542 851 3602 agere
873 3525 1065 3601 potuerunt?
1110 3520 1184 3586 Non
1206 3521 1380 3603 Dionysius

275 3619 474 3682 diuersorum
504 3625 684 3701 temporum
712 3623 781 3684 iura
807 3645 865 3685 366
887 3623 1087 3685 commiscuit
1108 3625 1300 3700 narratione,
1324 3623 1380 3686 sed

276 3760 313 3766 -
337 3724 372 3783 ut
401 3743 460 3802 ego
484 3722 578 3785 credo
606 3760 639 3768 —
663 3723 803 3804 priuatas
826 3723 898 3786 lites
922 3723 1084 3787 clientium
1108 3724 1379 3799 commemorauit,

275 3843 344 3884 cum
369 3822 406 3884 de
429 3821 467 3884 iis
490 3822 626 3902 publicis
651 3825 753 3886 causis
777 3825 805 3886 ei
829 3824 996 3886 dicendum
1020 3829 1111 3902 esset,
1136 3848 1216 3905 quae
1240 3826 1279 3889 ad
1294 3826 1378 3888 iniu-
1457 3820 1460 3826 ’

275 3922 336 3984 rias
366 3945 384 3984 6
412 3922 580 3987 clientibus
603 3925 667 3988 suis
690 3925 904 4005 prohibendus
927 3927 1126 4006 superiorum
1149 3927 1294 3991 ordinum
1317 3929 1379 3991 uiri

273 4023 497 4104 suscipiebant.
541 4024 707 4088 Eiusmodi
737 4025 815 4088 locis
847 4026 1050 4105 antiquorum
1081 4028 1271 4109 scriptorum
1306 4050 1378 4091 eum

378 4192 385 4220 ¹
403 4197 456 4242 Das
475 4197 631 4254 patricisohe
650 4198 723 4242 Rom.
743 4211 766 4255 p.
789 4199 826 4244 16.
