3004 5066
789 393 819 400 -
846 363 884 416 bo
918 393 944 398 --

412 526 562 591 Nondum
590 547 699 590 omnes
728 526 1007 608 interpretationes
1030 529 1216 609 persecutus
1238 546 1324 599 sum,
1353 521 1425 602 qui·

312 631 371 694 bus
404 629 464 692 uiri
492 627 577 691 docti
600 628 706 690 conati
728 633 802 691 sunt
825 628 993 710 explicare,
1017 650 1079 710 quo
1102 628 1196 692 modo
1220 626 1351 689 factum
1377 645 1424 685 es-

312 735 370 808 set,
405 734 440 794 ut
473 728 685 810 antiquissimi
719 729 804 792 ciues
837 737 947 812 patres
980 735 1012 794 et
1041 731 1178 814 patricii
1213 729 1424 791 uocarentur.

312 831 468 909 Niebuhr,
492 831 545 911 qui
568 830 689 911 primus
712 829 783 894 illos
807 831 892 894 ciues
915 831 953 894 iis
977 830 1141 894 uocabulis
1164 828 1352 912 appellatos
1369 827 1425 888 do-

313 934 414 1009 cebat,
442 954 496 996 eos
519 935 645 1013 patrum
668 931 795 995 nomine
818 931 1014 1014 significatos
1038 931 1147 1008 credit,
1171 935 1227 993 aut
1249 929 1342 1010 quod
1367 926 1424 989 cli-

313 1035 432 1098 entium
462 1034 598 1116 patroni
631 1037 746 1108 essent,
778 1037 833 1096 aut
856 1033 940 1113 quod
962 1032 1093 1096 clientes
1117 1053 1171 1096 eos
1194 1031 1286 1094 uelut
1308 1033 1425 1112 patres

313 1158 387 1200 suos
417 1139 660 1208 uenerarentur;
683 1155 756 1196 nam
779 1133 824 1197 ita
846 1132 1017 1196 Niebuhrii
1039 1133 1138 1198 uerba
1159 1132 1321 1212 intelligo,
1349 1129 1423 1210 qui·

312 1237 371 1300 bus
405 1235 491 1312 dicit,
525 1239 650 1297 ueteres
681 1235 766 1298 ciues
797 1235 932 1298 fortasse
954 1234 1141 1322 simpliciter
1164 1233 1297 1298 honoris
1323 1255 1425 1296 causa

313 1345 419 1421 patres
443 1337 619 1419 appellatos
643 1359 721 1414 esse,
745 1359 802 1400 nec
819 1339 922 1402 minus
934 1340 967 1402 in
983 1337 1125 1402 conciliis
1142 1336 1304 1399 curiarum
1322 1356 1421 1414 quam

313 1442 346 1504 in
377 1437 521 1503 senatu¹.
566 1438 646 1502 Fere
676 1439 759 1502 idem
782 1441 865 1520 apud
887 1439 1066 1504 Beckerum
1088 1437 1236 1502 occurrit.
1283 1436 1423 1499 Patrum

313 1543 440 1606 nomine
465 1541 613 1622 antiquos
637 1540 723 1605 ciues
747 1541 915 1606 clientibus
939 1541 1081 1624 opponit,
1097 1541 1142 1603 ita
1157 1545 1274 1616 tamen,
1291 1543 1331 1602 ut
1348 1539 1422 1601 uni-

315 1667 423 1709 uersos
454 1651 566 1727 potres
600 1642 668 1722 (aut
689 1644 864 1727 patric-ios)
888 1644 1064 1726 appellatos
1088 1643 1166 1719 uult,
1191 1640 1339 1723 singulos
1364 1663 1422 1722 pa-

313 1751 422 1810 tronos
435 1744 455 1807 2.
502 1743 644 1821 Constat,
668 1744 749 1808 hanc
772 1746 1070 1828 interpretationem
1092 1745 1189 1808 etiam
1212 1743 1251 1806 ab
1275 1742 1423 1822 antiquis

314 1846 522 1930 scriptoribus
555 1849 743 1926 temptatam
775 1868 854 1922 esse,
883 1851 918 1908 ut
942 1868 967 1909 e.
991 1869 1021 1927 g.
1046 1845 1182 1908 uidimus
1206 1843 1422 1907 Plutarchum

314 1968 571 2022 commemorare,
607 1947 761 2027 quosdam
794 1948 966 2028 scriptores
1000 1952 1107 2028 patres
1138 1943 1196 2006 ἀπὸ
1230 1947 1422 2026 πατρωνείας

315 2050 414 2113 dictos
438 2048 637 2112 contendere.
683 2047 774 2122 Quod
796 2049 823 2112 si
846 2049 1019 2130 quaeritur,
1042 2071 1117 2112 num
1140 2049 1217 2112 satis
1240 2047 1421 2110 uerisimile

314 2151 365 2227 sit,
387 2155 498 2219 ,totam
527 2153 670 2211 ueterum
703 2149 820 2212 ciuium
852 2151 1088 2214 multitudinem
1117 2151 1184 2213 siue
1213 2146 1271 2216 ἀπὸ
1296 2168 1420 2228 πατρω-

315 2253 393 2319 νείας
417 2251 483 2312 siue
508 2249 694 2329 simpliciter
716 2250 847 2314 honoris
870 2273 966 2315 causa
985 2259 1097 2335 potres
1113 2254 1244 2315 uocatos
1260 2271 1342 2326 esse,
1357 2249 1418 2313 hoc

314 2351 393 2414 mihi
415 2351 594 2432 negandum
619 2353 753 2415 uidetur.
790 2354 905 2417 Patres
930 2354 982 2416 uix
1004 2354 1097 2436 plane
1114 2355 1225 2417 eodem
1241 2375 1337 2416 sensu
1356 2353 1418 2416 dici

314 2453 419 2534 potuit
443 2456 538 2532 atque
558 2455 692 2535 patroni
694 2477 707 2534 ,·
730 2455 815 2534 quod
836 2454 922 2517 illius
945 2455 1036 2517 uerbi
1059 2477 1133 2518 usus
1156 2455 1252 2518 latius
1272 2455 1418 2536 patebat,

314 2554 398 2616 haud
432 2552 527 2615 facile
561 2554 652 2617 nobis
685 2556 922 2635 persuademus,
944 2556 1070 2639 publico
1094 2579 1152 2619 usu
1175 2561 1303 2638 patrum
1324 2579 1417 2618 men·

313 2655 433 2717 tionem
468 2653 597 2730 iactam,
621 2677 692 2717 cum
716 2657 753 2718 de
776 2657 918 2737 patronis
942 2661 1100 2737 ageretur.
1145 2655 1190 2720 At
1212 2657 1296 2720 enim
1320 2657 1417 2721 forsi-

314 2761 368 2818 tan
402 2777 510 2819 omnes
542 2761 667 2820 ueteres
694 2758 779 2820 ciues
804 2757 934 2821 honoris
958 2780 1053 2821 causa
1075 2782 1093 2821 a
1116 2758 1284 2822 clientibus
1307 2763 1417 2839 patres

315 2858 465 2938 appellati
500 2859 575 2922 sint.
618 2857 717 2922 Nulla
748 2883 810 2923 uox
842 2861 947 2941 aptior
974 2861 1108 2942 cogitari
1130 2865 1237 2942 potest
1259 2861 1299 2924 ad
1323 2882 1415 2922 uere-

317 2959 466 3022 cundiam
500 2961 749 3041 significandam.
795 2960 856 3024 Sed
888 2983 1010 3039 uereor,
1044 2984 1083 3025 ne
1107 2961 1185 3026 haec
1208 2984 1335 3043 quoque
1358 2985 1414 3042 pa-

315 3061 424 3124 triciae
448 3062 669 3144 appellationis
692 3063 914 3145 interpretatio
937 3065 1096 3128 reicienda
1118 3065 1168 3128 sit.
1202 3063 1286 3128 Nam
1309 3064 1342 3126 id
1358 3086 1414 3126 uo-
1446 3088 1449 3099 ·

316 3161 474 3238 cabulum,
509 3187 571 3242 quo
605 3164 678 3225 talis
701 3165 894 3228 uerecundia
917 3171 948 3228 et
970 3167 1072 3247 pietas
1095 3165 1264 3240 indicatur,
1288 3164 1415 3246 qualem

316 3261 398 3327 tilios
422 3285 498 3344 erga
519 3269 667 3344 parentes
690 3264 807 3329 habere
831 3267 931 3343 decet,
948 3267 1111 3348 aptissime
1127 3268 1166 3329 ad
1182 3267 1325 3330 uirorum
1341 3288 1413 3330 coe·

316 3369 383 3427 tum
406 3364 578 3442 confertur,
602 3366 655 3445 qui
679 3367 719 3429 ob
736 3369 939 3449 conspicuam
952 3368 1150 3449 sapientiam,
1164 3369 1326 3445 uirtutem,
1340 3389 1413 3430 auc-

228 3493 235 3510 ·
316 3467 479 3530 toritatem
502 3467 540 3529 ad
560 3467 688 3548 aliquod
710 3469 872 3550 publicum
888 3492 1001 3533 munus
1017 3470 1211 3551 fungendum
1228 3469 1321 3533 electi
1337 3470 1413 3543 sint;

316 3656 397 3701 uerba
424 3657 555 3702 afferenda
578 3660 646 3715 sunt,
674 3670 741 3716 quae
769 3671 819 3702 non
846 3659 910 3704 eatis
935 3659 1020 3717 uideo,
1046 3640 1177 3716 quomodo
1205 3672 1265 3704 cum
1284 3659 1324 3718 iis,
1349 3671 1413 3716 qrrae

317 3744 452 3798 praeterea
475 3740 570 3799 docuit,
596 3741 726 3786 conciliari
749 3742 851 3800 possint
870 3741 895 3797 (1.
915 3743 931 3787 l.
950 3756 974 3801 p.
995 3744 1042 3788 142
1062 3744 1119 3789 adn.
1141 3743 1193 3798 lit:
1223 3742 1290 3788 “Der
1308 3743 1415 3788 Anaicht

318 3824 388 3879 (dass
407 3825 448 3870 die
466 3824 590 3870 Patricier
608 3825 649 3870 die
668 3826 886 3884 ursprtingliehen
905 3826 1060 3883 Vollbiirger
1078 3828 1145 3883 sind)
1165 3827 1345 3886 uiderspricht
1362 3827 1413 3872 ein-

317 3908 433 3965 stimmig
451 3907 492 3952 die
511 3909 641 3954 rbmische
660 3909 893 3968 Ueberlieieruung
911 3912 964 3956 und
983 3911 1024 3956 die
1043 3911 1342 3958 Wahrscheinlichkeit.“

421 3985 429 4014 ¹
456 3991 529 4037 Rom.
558 3991 651 4038 Gesch.
680 3987 706 4038 Ι4
733 3995 788 4039 344.
818 3995 884 4039 Satis
913 3995 1007 4040 mirum
1035 3999 1083 4056 est,
1101 3997 1171 4054 quod
1189 3995 1281 4041 scribit
1298 3995 1410 4042 Niebuhr

318 4073 377 4118 ibid.
398 4088 422 4132 p.
442 4075 498 4133 347,
517 4078 632 4133 stapulas
651 4077 720 4122 ciues
739 4081 765 4123 et
783 4081 871 4137 patres
891 4081 917 4122 et
935 4079 1059 4136 patricios
1077 4086 1192 4128 uocatos.

422 4152 595 4204 ²Handbuch
614 4161 660 4206 der
678 4162 752 4208 Ram,
770 4162 860 4208 Alteri.
880 4161 933 4207 111
954 4176 996 4222 pp.
1020 4167 1066 4210 150
1085 4179 1140 4224 sqq.
