3004 5066
7 4085 9 4164 l

573 374 732 425 -85-

97 535 252 616 quissime
275 534 460 598 condicione
484 540 555 598 orta
578 541 707 600 censent
719 535 739 612 ¹,
763 535 816 600 alii
838 537 921 600 inter
941 536 1071 600 clientes
1088 542 1120 601 et
1134 539 1202 620 ple-

96 637 171 699 bem
203 636 412 717 distiuguunt
444 635 493 700 his
524 637 631 700 uerbis
660 637 786 700 diuersa
808 637 878 700 iura
900 643 932 701 et
955 639 1016 702 duo
1039 637 1203 702 hominum

97 759 218 818 genera
240 737 416 818 significari
437 738 499 801 rati
511 736 532 800 2.

136 871 138 874 ·
199 837 246 902 Ut
276 839 489 903 recentiorum
519 840 557 902 de
581 835 728 903 clientela
750 839 926 903 sententiae
948 841 1031 904 inter
1054 863 1087 904 se
1110 842 1201 904 diffe-

95 944 181 1015 runt,
203 940 250 1002 ita
273 939 369 1003 etiam
385 941 467 1022 apud
483 941 630 1022 antiquos
649 941 820 1022 scriptores
836 942 915 1004 duae
931 943 969 1004 de
985 964 1022 1004 ea
1038 943 1202 1023 opiniones

96 1045 278 1122 occurrunt,
302 1042 357 1104 sed
379 1042 435 1118 ita,
458 1047 493 1105 ut
516 1042 555 1105 ab
578 1043 618 1105 iis
641 1064 740 1123 aeque
763 1043 896 1106 multum
912 1043 986 1105 fidei
1001 1043 1127 1124 utrique
1142 1044 1201 1107 tri-

96 1143 208 1206 butum
232 1143 387 1206 uideatur.

199 1243 310 1307 Cicero
341 1243 391 1306 his
423 1245 529 1308 uerbis
553 1245 718 1309 clientelae
742 1246 897 1327 originem
919 1250 1028 1308 narrat
1051 1244 1112 1326 (De
1135 1268 1200 1327 rep.

95 1343 126 1406 Η
149 1344 196 1422 9);
220 1345 332 1408 haberit
355 1344 536 1428 (Romulus)
557 1347 676 1430 plebem
700 1350 734 1410 in
758 1349 920 1410 clientelas
942 1349 1129 1431 principum
1151 1348 1201 1410 ‹u-

95 1449 263 1530 ror-iptoms
316 1447 423 1510 Etiam
461 1447 549 1512 Festi
586 1449 803 1513 testimonium
838 1449 1001 1538 audiamus
1035 1448 1078 1530 (p.
1111 1447 1200 1530 233):

97 1547 290 1611 Potr'ocinio
322 1549 484 1632 appellari
514 1557 622 1633 coeptu
651 1558 735 1630 sient,
760 1572 827 1614 curn
846 1550 937 1633 plebs
960 1550 1134 1612 distributo
1157 1557 1202 1612 eet

96 1650 182 1710 inter·
209 1655 332 1732 patres,
364 1657 399 1712 ut
427 1671 533 1713 eorum
556 1652 668 1734 opibus
691 1659 760 1737 tuto
784 1659 871 1715 esset.
916 1650 1088 1732 Dionysius
1112 1651 1201 1713 deni-

97 1771 157 1830 que
191 1747 236 1830 (II
263 1748 296 1831 9)
328 1755 360 1814 et
391 1750 580 1815 Plutarchus
612 1751 717 1832 (Rom.
748 1752 800 1830 13)
832 1753 944 1815 eodem
974 1752 1068 1814 modo
1100 1756 1201 1815 totam

95 1850 223 1931 plebem
254 1851 398 1932 patriciis
431 1852 594 1916 clientium
624 1853 695 1917 loeo
727 1853 884 1916 addictam
916 1853 1046 1916 faciunt.
1098 1852 1201 1927 Quare

97 1953 210 2032 opinor
238 1953 439 2016 statuendum
467 1959 524 2031 est,
547 1954 630 2017 hanc
652 1955 816 2036 uulgatum
839 1955 1041 2034 antiquorum
1064 1955 1200 2035 scripto-

96 2075 166 2116 rum
194 2054 384 2118 sententiam
413 2054 520 2132 fuisse,
544 2060 576 2118 et
598 2055 725 2119 Liuium
747 2055 848 2136 magis
871 2055 992 2117 incuria
1016 2075 1084 2116 eam
1107 2075 1200 2135 prae-

97 2154 211 2217 terisse
245 2177 338 2234 quam
371 2159 425 2218 aut
455 2178 518 2219 non
546 2157 733 2238 cognouisse
768 2161 908 2219 autnon
930 2177 1038 2218 ueram
1061 2158 1199 2236 putasse.

98 2253 402 2336 Antiquissimorum
433 2257 531 2338 igitur
563 2258 720 2320 annalium
745 2257 915 2338 scriptores
938 2256 999 2320 hoc
1022 2256 1200 2320 narrauisse

98 2357 253 2420 uidentur.
299 2355 361 2420 Sed
393 2359 542 2438 quoniam
573 2381 675 2440 neque
703 2381 870 2422 esuorum
900 2363 1079 2439 temporum
1106 2357 1200 2421 rebus

100 2457 286 2521 concludere
317 2463 498 2540 potuerunt,
533 2465 633 2524 totam
668 2461 742 2524 olim
775 2460 900 2542 plebem
934 2460 967 2522 in
995 2459 1201 2540 patriciorum

100 2559 253 2622 clientelis
285 2559 393 2637 fuisse,
425 2583 483 2624 nec
513 2562 651 2642 perspici
682 2566 797 2642 potest,
821 2582 883 2641 quo
906 2560 1123 2623 narrationum
1145 2581 1201 2640 ge-

99 2681 170 2722 nere
200 2661 238 2724 de
261 2660 320 2724 hac
343 2665 409 2724 tarn
432 2665 559 2726 uetusta
581 2685 615 2726 re
639 2662 742 2725 edocti
765 2661 838 2734 sint,
861 2661 1012 2742 patricios
1035 2660 1120 2722 uiros
1143 2683 1200 2740 pa-

98 2766 216 2840 tronos,
247 2762 390 2843 plebeios
419 2762 550 2826 clientes
579 2764 649 2826 ideo
672 2764 775 2826 factos
799 2762 902 2838 credo,
927 2761 1000 2842 quia
1022 2760 1201 2842 patrocinia

99 2868 128 2926 et
159 2863 325 2926 clientelae
356 2864 439 2926 inter
470 2863 598 2928 Romuli
620 2864 768 2927 instituta
791 2868 896 2926 essent
924 2861 1093 2924 afferenda.
1139 2861 1199 2934 Qui

100 2985 167 3027 cum
189 2963 342 3046 populum
364 2965 507 3046 pluribus
530 2966 631 3028 modis
655 2964 849 3045 discripsisse
873 2968 1065 3038 narraretur,
1081 2963 1212 3025 t'acturn·

100 3070 155 3142 est,
185 3070 220 3129 ut
254 3065 350 3128 etiam
384 3088 454 3130 cum
488 3067 666 3147 patrocinia
697 3069 729 3128 et
760 3064 924 3128 clientelae
947 3063 1199 3139 instituerentur,

99 3167 248 3248 populum
276 3189 360 3230 nouo
390 3167 553 3230 diuisionis
576 3189 692 3249 genere
715 3167 748 3230 in
771 3167 847 3230 duas
870 3169 976 3246 partes
1000 3164 1198 3228 distribuisse
1285 3247 1288 3254 Ι

99 3267 266 3352 uideretur.
310 3266 440 3332 Nullam
462 3269 562 3350 igitur
583 3269 692 3350 populi
712 3272 837 3349 partem
852 3290 870 3328 a
886 3265 1093 3348 scriptoribus
1110 3269 1200 3328 extra

99 3373 303 3449 patronorum
334 3373 366 3432 et
397 3369 560 3432 clientium
591 3391 756 3432 numerum
787 3368 923 3448 relinqui
953 3371 1198 3430 consentaneum

101 3475 173 3533 erat.
218 3469 324 3550 Atque
348 3492 419 3534 cum
441 3474 648 3551 utrorumque
672 3470 778 3533 officia
802 3472 1030 3550 spectarentur,
1051 3467 1120 3530 fieri
1136 3489 1199 3530 non

100 3575 231 3650 poterat,
256 3571 332 3651 quin
353 3571 481 3634 illorum
503 3576 610 3652 partes
633 3571 785 3652 patriciis,
809 3569 921 3632 horum
944 3567 1078 3649 plebeiis
1094 3567 1200 3630 homi-

101 3671 189 3735 nibus
212 3672 440 3735 tribuerentur.

198 3771 311 3853 Neque
334 3795 410 3836 uero
433 3772 511 3836 haec
536 3773 642 3854 opinio
659 3772 696 3834 de
713 3776 781 3834 tota
796 3770 888 3852 plebe
904 3769 1108 3850 patriciorum
1126 3769 1199 3832 fidei

103 3873 223 3936 addicta
254 3874 336 3954 apud
366 3879 491 3938 ueteres
522 3895 715 3955 magnopere
744 3873 921 3935 inueterata
943 3869 1040 3932 fuisse
1063 3870 1197 3933 uidetur.

103 3972 263 4048 Quomodo
297 3974 416 4037 factum
449 3975 500 4052 sit,
531 3980 566 4038 ut
599 3973 720 4038 Rornae
755 3973 926 4036 existerent
959 3970 1113 4048 homines,
1146 3971 1200 4050 qui

102 4075 297 4085 ——-—·

201 4107 210 4138 ¹
229 4112 343 4167 Quorum
362 4113 509 4159 Mommsen
528 4113 704 4173 principatum
723 4116 801 4158 tenet.

200 4191 210 4220 2
227 4196 351 4256 Niebuhr,
371 4196 497 4256 Goltling‚
515 4197 621 4257 Becker,
641 4197 794 4257 Schwegler,
813 4196 910 4256 Lange,
931 4195 1010 4256 Genu,
1030 4194 1138 4252 Herzog.
