3004 5066
543 415 702 466 „51-

17 638 19 640 ,
70 577 119 640 sed
143 576 181 639 ad
203 597 355 658 magnam
377 574 542 664 hominum
565 575 799 639 multitudinem
819 578 859 640 ab
876 577 985 640 aliast
1001 575 1174 642 deterioris

19 740 21 742 ,
70 677 260 742 condicionis
293 676 496 740 multitudine
531 676 785 758 distinguendam
818 678 947 742 minime
970 683 1018 742 est
1041 702 1166 744 accom-

16 825 22 845 2
71 778 237 842 modatum.
270 777 408 841 Etiamsi
431 777 562 841 clientes
584 778 684 859 patris
707 778 919 860 appellatione
943 779 990 842 usi
1006 781 1078 857 sint,
1096 803 1167 844 cum

17 911 18 916 1
69 901 159 942 nuum
183 902 200 942 e
224 880 344 942 ciuium
366 901 500 942 numero
528 878 775 959 alloquerentur,
798 886 905 944 tamen
927 904 991 945 non
1013 882 1106 945 facile
1130 904 1168 946 ea

70 981 214 1061 loquendi
239 981 435 1044 consuetudo
459 1002 475 1042 e
500 981 658 1044 communi
682 1003 827 1045 sermone
849 983 881 1045 in
897 982 1060 1063 publicum
1075 1006 1166 1047 usum

69 1081 236 1145 transierit.

165 1182 323 1257 Quoniam
354 1183 388 1245 in
419 1183 638 1246 controuersia
661 1187 718 1260 est,
743 1188 849 1246 utrum
868 1192 979 1267 putres
1001 1185 1092 1249 initio
1115 1208 1166 1249 se-

34 1299 40 1314 ·
70 1288 192 1347 ratores
225 1285 335 1366 regiae
358 1284 483 1361 aetatis
508 1306 548 1346 an
571 1305 679 1347 omnes
702 1289 826 1348 ueteres
850 1285 946 1363 ciues,
969 1308 1009 1349 an
1032 1287 1165 1367 denique

72 1385 207 1466 gentium
231 1386 299 1449 siue
322 1385 518 1448 familiarum
540 1385 747 1466 patriciarum
769 1386 928 1469 principes
951 1387 1079 1466 fuerint,
1102 1411 1166 1452 non

21 1525 23 1527 -
70 1487 175 1577 inutile
208 1487 283 1551 duxi
308 1487 519 1562 considerare,
543 1487 592 1550 cui
614 1487 660 1550 rei
684 1487 910 1568 significandae
932 1489 1001 1569 ipsa
1024 1512 1086 1553 uox
1109 1513 1165 1571 ap-

19 1628 20 1632 =
72 1587 187 1651 tissima
210 1593 303 1665 esset,
328 1589 354 1651 si
376 1588 459 1652 forte
483 1610 520 1651 ea
542 1588 595 1650 uia
617 1588 737 1669 aliquid
759 1589 901 1653 inuenire
924 1612 1059 1670 possem,
1084 1593 1168 1672 quod

20 1745 21 1750 ,
71 1688 146 1752 hane
168 1689 220 1752 uel
243 1689 334 1752 illam
357 1711 485 1754 causam
509 1688 682 1752 adiuuaret.
714 1690 821 1770 Atque
844 1690 871 1753 si
893 1695 979 1754 recte
1001 1713 1069 1755 rem
1091 1714 1165 1773 per-

18 1832 21 1836 ›
72 1791 162 1870 speri,
195 1790 277 1854 haec
309 1812 381 1868 uox,
415 1795 450 1854 ut
473 1812 543 1854 eum
567 1812 704 1866 sensum,
728 1793 947 1873 quamprimo
970 1793 1040 1856 loco
1063 1795 1166 1874 posui,

16 1937 17 1940 ,
72 1893 228 1956 commode
252 1891 377 1973 recipit,
399 1892 445 1954 ita
468 1891 538 1954 aliis
561 1891 877 1972 interpretationibus
900 1894 1088 1975 refragatur.
1123 1894 1167 1958 Et

17 2066 19 2068 Ι
73 1992 223 2057 inuenisse
259 1993 378 2070 uideor,
412 2015 476 2056 non
510 1993 620 2056 eodem
651 1997 794 2074 tempore
816 1998 943 2075 patrum
966 1996 1092 2058 nomine
1115 2017 1166 2058 re-

16 2153 23 2173 „
73 2094 135 2174 gios
168 2100 332 2158 senatores
367 2098 399 2156 et
431 2081 638 2175 patriciorum
673 2093 885 2174 appellatione
912 2117 1020 2159 omnes
1043 2102 1167 2161 ueteres

15 2238 23 2248 .
74 2194 151 2258 ciues
183 2195 345 2277 designari
367 2195 519 2277 potuisse.
564 2193 626 2258 Sed
649 2200 684 2258 ut
707 2217 753 2272 ea,
778 2217 858 2276 quae
882 2198 919 2259 de
942 2198 1086 2278 patribus
1109 2198 1166 2259 do-

15 2357 18 2364 ,
74 2295 180 2360 cebant
203 2296 368 2361 annalium
390 2296 572 2376 scriptores,
596 2318 666 2359 cum
691 2297 882 2360 narrandum
906 2295 982 2376 erat,
1008 2301 1166 2379 quomodo

74 2394 219 2462 Romulus
254 2397 505 2478 rempublicam
529 2397 750 2474 ordinauisset,
775 2421 846 2462 cum
869 2404 962 2462 cauta
984 2400 1084 2481 ipsius
1108 2423 1166 2464 uo-

14 2549 20 2584 7.
75 2498 170 2562 rabuli
192 2499 457 2581 interpretatione
481 2520 656 2579 congruere
679 2499 836 2576 uidentur,
860 2501 905 2564 ita
921 2522 992 2564 cum
1009 2523 1046 2564 eo
1062 2524 1166 2578 sensu,

16 2651 19 2686 3
75 2623 131 2678 quo
164 2624 274 2666 eorum
307 2599 505 2682 temporibus
533 2600 564 2662 id
588 2599 778 2663 uocabulum
801 2601 929 2681 publico
953 2625 1011 2664 usu
1035 2602 1166 2665 adhibe-

14 2752 16 2757 .
74 2699 170 2780 batur,
193 2704 287 2785 plane
312 2701 514 2766 conueniunt.
546 2699 631 2764 Nam
654 2706 794 2782 apparet,
818 2702 982 2782 publicum
1004 2704 1092 2767 uocis
1102 2725 1167 2786 pu·

15 2851 20 2888 3
75 2809 132 2866 tres
167 2828 261 2868 usum
293 2804 327 2866 in
360 2803 514 2866 eiusmodi
549 2802 819 2866 enuntiationibus
854 2825 1029 2881 occurrere,
1057 2804 1167 2885 quales

75 2909 152 2967 sunt:
183 2913 295 2989 putres
318 2912 464 2967 erectores
488 2903 571 2984 fiant
594 2907 626 2966 et
645 2911 756 2986 potres
780 2905 957 2966 coecatus
981 2906 1166 2988 interrepere

73 3006 286 3086 praelaudatam
318 3010 413 3086 atque
447 3005 530 3068 inter
565 3005 648 3067 uires
671 3005 780 3068 doctos
808 3010 935 3068 nostrae
959 3006 1072 3070 aetatis
1094 3013 1169 3088 post

76 3106 182 3171 multas
217 3107 438 3172 contentiones
473 3128 510 3169 ea
544 3105 701 3168 sententia
730 3105 904 3186 praeualet,
929 3128 1023 3186 quam
1046 3108 1167 3187 primus

14 3291 15 3294 Ἴ
76 3203 218 3273 llubino¹
243 3208 400 3290 exposuit,
425 3207 513 3270 cuius
536 3207 750 3289 patrocinium
778 3212 847 3270 tum
869 3207 1072 3272 Mommsen²
1095 3232 1167 3274 sus-

76 3309 152 3389 cepit
192 3331 352 3392 quamque
390 3313 503 3391 postea
536 3307 766 3372 Christensen3
807 3294 1008 3373 assatam
1045 3333 1169 3375 summa

76 3428 144 3472 cura
180 3413 398 3486 defenderunt,
438 3432 510 3473 cum
546 3411 705 3487 docerent,
744 3432 821 3474 voce
850 3419 972 3494 potres,
1011 3434 1082 3476 cum
1115 3413 1168 3476 illo

76 3512 161 3575 modo
184 3517 402 3595 usurparetur,
425 3511 593 3592 patriciam
616 3516 744 3574 senatus
765 3516 889 3592 partem
911 3513 1094 3594 significari.
1132 3513 1169 3578 ln

76 3619 179 3691 aperto
202 3619 261 3691 est,
285 3615 395 3695 quanti
418 3614 572 3676 momenti
595 3617 683 3676 recta
704 3612 831 3676 illarum
849 3614 1103 3678 enuntiationum
1118 3615 1167 3678 in-

76 3713 256 3794 terpretatio
288 3716 329 3778 sit
352 3716 391 3778 ad
414 3714 570 3796 originem
594 3718 625 3777 et
647 3718 794 3776 naturam
816 3714 969 3795 patriciae
992 3715 1167 3780 nobilitatis

76 3809 317 3898 intelligendam.
354 3817 398 3879 Et
421 3817 524 3893 credo,
542 3817 705 3879 doctorum
722 3815 874 3892 uirorum,
892 3838 1026 3896 quorum
1041 3818 1170 3881 nomina

79 3930 269 3946 xqu—

175 3983 216 4036 ¹1.
236 3990 253 4034 l.
271 4002 315 4048 pp.
337 3991 384 4035 185
403 4003 442 4047 sq.

173 4065 399 4120 ²Rom.r01scn.
419 4074 430 4118 I
449 4088 474 4132 p.
495 4074 542 4119 228
563 4074 621 4122 adn.

174 4149 182 4180 ³
200 4157 309 4204 Hermes
327 4158 362 4204 IX
381 4172 424 4218 pp.
445 4161 492 4206 196
514 4172 569 4216 sqq.

173 4235 215 4289 ⁴1.
236 4243 251 4288 1.
271 4256 313 4302 pp.
337 4244 476 4290 roa-aas.
