3004 5066
553 334 710 386 „39-

53 493 147 556 tione
175 499 347 576 sumptum
370 499 461 558 esset.
497 494 679 572 Uideamus,
703 495 860 574 quomodo
883 495 962 559 haec
984 495 1023 558 iis
1046 517 1095 558 res
1111 517 1182 558 suc-

54 595 211 658 cesserit.
302 640 305 646 ·
908 657 913 671 ,

165 693 265 760 Inter
296 719 359 774 eos,
390 697 443 778 qui
466 701 577 778 ‚patres
602 697 642 760 ab
664 697 754 760 initio
777 697 900 778 regium
922 701 1065 762 senatum
1087 698 1183 762 fuisse

53 798 281 876 contendunt,
315 798 445 880 Madvig
477 803 554 862 erat.
599 799 697 874 Quem
727 821 917 879 quamquam
938 798 1068 862 honoris
1091 821 1185 862 causa

52 897 166 979 primo
201 899 279 963 loco
306 901 444 978 nomino,
468 923 531 964 nou
554 923 683 982 possum
706 901 887 978 concedere,
911 900 1013 964 uirum
1035 899 1183 969 illustris-

53 1000 180 1063 simum
219 1002 298 1065 satis
328 1007 473 1066 accurate
502 1002 689 1078 declarasse,
713 1002 870 1082 quomodo
892 1001 1011 1066 factum
1034 1006 1126 1078 esset,
1149 1005 1184 1065 ut

54 1122 174 1166 omnes
212 1102 249 1178 ii,
284 1124 363 1183 quos
397 1103 473 1166 olim
504 1103 588 1166 solos
620 1103 705 1166 ciues
735 1102 831 1166 fuisse
855 1103 957 1180 docet,
979 1101 1104 1183 patricii
1126 1123 1183 1164 uo·

54 1207 231 1266 carentur.
277 1201 326 1266 lta
349 1203 433 1266 enim
455 1226 522 1268 rem
545 1204 683 1284 explicat
696 1202 720 1272 ¹:
732 1266 733 1269 ,
747 1201 1125 1284 “Slaegtsmedlemmerne
1143 1224 1184 1283 og

55 1301 252 1385 Slaegterne
276 1305 427 1386 betegnes
451 1305 511 1368 ved
532 1304 728 1388 Adjektivet,
740 1306 887 1388 patricii,
898 1306 1184 1388 pectesputrr'ciuc,
1213 1343 1215 1346 -

54 1405 84 1466 d.
111 1427 158 1467 e.:
194 1405 238 1468 til
260 1405 354 1469 Plads
377 1406 388 1468 i
411 1405 534 1472 Raadet
556 1405 687 1487 Egnede
711 1404 958 1486 (Rathsfahige),
983 1404 1183 1487 Raadsslaeg·

54 1510 137 1570 ter.“
193 1505 261 1570 Sed
284 1507 427 1587 quamuis
451 1529 559 1570 omnes
582 1509 614 1584 ii,
631 1507 684 1588 qui
699 1507 825 1588 patricii
840 1507 1090 1590 appellabantur,
1102 1507 1184 1570 inter

55 1612 173 1688 patres
209 1609 277 1688 legi
309 1609 481 1689 potuerint,
514 1631 576 1671 non
609 1609 756 1684 adducor,
780 1613 815 1672 ut
838 1608 878 1671 cb
903 1630 972 1672 cam
994 1608 1095 1690 ipsam
1117 1631 1184 1672 rem

57 1731 115 1772 eos
139 1709 303 1790 patricios
325 1713 456 1774 uocatos
480 1710 615 1772 credam.
660 1707 760 1772 Immo
783 1708 903 1786 dubito,
926 1731 1115 1788 umquamne
1131 1709 1184 1789 qui

58 1809 163 1874 latine
190 1809 407 1890 loquebantur
429 1809 519 1872 illum
542 1832 667 1872 sensum
690 1808 763 1872 huic
787 1809 858 1872 uoci
881 1809 1059 1872 tribuerint.
1104 1807 1184 1872 Utut

58 1914 119 1987 est,
154 1911 348 1990 primarium
378 1911 531 1991 patriciae
555 1909 777 1990 appellationis
800 1932 925 1974 sensum
949 1932 1012 1973 non
1034 1909 1185 1972 indicauit

58 2011 212 2093 Maduig,
246 2012 307 2074 nisi
338 2013 422 2093 quod
445 2012 574 2088 addidit,
597 2016 707 2093 gentes
730 2011 879 2093 patricias
903 2012 1055 2074 danorum
1077 2011 1185 2092 lingua

59 2114 229 2178 uocabulo
253 2114 493 2198 Rcudsaloepter
516 2114 598 2176 uerti
620 2135 723 2194 posse,
739 2135 840 2194 neque
866 2113 1014 2190 ostendit,
1027 2113 1184 2194 quomodo

61 2219 180 2294 gentes
206 2214 360 2296 patriciae
384 2219 415 2278 et
438 2215 615 2288 senatoriae
639 2219 748 2295 gentes
772 2219 804 2277 et
826 2214 1118 2294 antiquissimorum
1139 2214 1183 2277 ci·

66 2315 158 2378 uium
183 2315 326 2378 familiae
350 2337 418 2378 esse
441 2317 611 2396 potuerint.

168 2415 234 2490 Qui
267 2417 349 2479 inter
383 2424 491 2499 potres
523 2422 556 2480 et
581 2418 744 2499 patricius
765 2423 872 2498 pentes
895 2415 991 2478 fuerit
1014 2437 1185 2492 connexus

66 2517 185 2580 eodem
210 2518 304 2580 modo
328 2521 423 2596 atque
446 2516 578 2597 Maduig
600 2516 758 2597 explicare
782 2521 913 2580 conatur
928 2515 969 2578 H.
983 2515 1184 2579 Christensen

61 2618 236 2698 praeclaro
259 2617 420 2699 opuscula
444 2618 527 2697 quod
550 2618 735 2698 inscriptum
759 2621 821 2680 est:
849 2615 927 2678 “Die
943 2615 1185 2698 ursprr'ingliche

62 2718 261 2800 Bedeutung
294 2719 348 2782 der
381 2719 523 2799 patricii“
562 2719 712 2799 cuiusque
753 2740 849 2798 supra
887 2718 1080 2783 mentionem
1112 2717 1183 2780 feci.

17 2883 18 2888 ,
64 2818 277 2884 Christensen
311 2842 436 2900 quoque
469 2819 620 2900 patricios
655 2841 708 2881 eos
739 2819 837 2882 fuisse
868 2822 969 2899 putat,
1002 2817 1116 2898 quibus
1144 2819 1185 2880 ad

65 2921 235 3002 publicum
267 2921 432 2984 consilium
460 2921 562 2984 aditus
585 2925 718 3001 pateret.
763 2919 885 2984 Uerum
908 2919 1003 3000 paulo
1027 2920 1184 3000 copiosius

64 3045 133 3086 rem
168 3023 310 3104 explicat
337 3028 368 3085 et
395 3044 516 3086 summa
548 3021 622 3084 libri
650 3043 687 3084 co
715 3025 839 3102 spectat
870 3019 967 3100 (quod
998 3025 1030 3084 et
1051 3021 1119 3102 ipse
1142 3021 1184 3082 ti·

66 3125 154 3188 tulus
191 3124 307 3205 docet),
341 3129 376 3186 ut
408 3128 575 3199 statuatur,
608 3146 669 3203 quc
692 3144 785 3186 sensu
810 3121 849 3184 ab
872 3122 994 3202 origine
1017 3122 1184 3204 patricium

66 3247 186 3288 nomen
219 3225 260 3288 sit
282 3229 477 3304 usurpatum.
523 3222 624 3304 Supra
647 3222 903 3299 commemoraui,
928 3244 997 3286 eum
1021 3232 1130 3306 putres
1153 3227 1185 3286 et

68 3329 231 3408 patricios
253 3331 285 3388 et
308 3326 413 3406 regios
436 3329 599 3389 senatores
621 3325 714 3405 plane
738 3325 864 3387 eosdem
880 3323 976 3387 fuisse
993 3325 1184 3401 existimare,

69 3449 174 3508 neque
199 3427 309 3504 celaui,
326 3432 521 3508 quantopere
537 3427 615 3488 haec
628 3426 705 3488 mihi
717 3426 858 3506 placeret
870 3426 1037 3488 sententia.
1067 3425 1184 3500 Quam-

71 3551 168 3608 quam
192 3530 245 3592 uix
268 3529 371 3604 crede,
395 3532 501 3609 patres
525 3549 674 3607 umquam
697 3528 779 3589 solos
802 3527 885 3588 inter
907 3527 1058 3607 patricios
1074 3549 1184 3589 nume-

71 3634 171 3694 ratos.
215 3628 299 3692 Nam
333 3652 396 3692 non
429 3629 531 3704 uidec,
566 3627 722 3708 quomodo
754 3627 776 3689 ii
808 3626 938 3690 meliore
969 3627 1037 3690 iure
1060 3627 1186 3708 patricii

73 3732 229 3812 appellari
254 3732 425 3813 potuerint,
457 3731 510 3811 qui
532 3731 565 3792 in
587 3734 712 3811 patrum
735 3749 866 3792 numero
890 3733 988 3805 erant,
1013 3751 1107 3808 quam
1131 3750 1185 3790 eae

74 3852 125 3894 res
158 3836 212 3896 aut
241 3854 405 3914 personae,
439 3853 519 3912 quae
552 3830 679 3893 omnino
703 3829 808 3909 aliquo
833 3829 925 3892 modo
949 3851 1020 3892 cum
1042 3828 1186 3910 patribus

76 3933 262 3998 coniunctae
286 3939 384 3996 erant.
430 3932 491 3996 Sed
514 3932 592 3996 haec
615 3930 695 3992 nihil
718 3931 757 3992 ad
778 3951 855 3992 rem.
901 3929 1073 4010 Postquam
1094 3928 1185 3992 Chri-

78 4036 205 4098 stcnseu
239 4035 385 4110 ostendit,
420 4033 475 4096 illa
505 4031 661 4096 uocabula
685 4066 722 4074 -
742 4038 855 4113 patres
887 4035 918 4092 et
945 4032 1083 4113 patricii
1107 4068 1143 4076 -—
1169 4054 1187 4091 a

78 4133 278 4144 §—

183 4169 335 4232 ¹1.l.1p.
356 4174 394 4218 aa.
