3004 5066
553 381 650 444 *79
679 419 711 426 -

91 571 151 614 snm
172 555 227 614 est.
265 548 375 630 Immo,
406 575 596 635 quamquam
618 576 735 636 negare
760 577 821 618 non
846 557 955 634 ausim,
977 566 1098 642 patrea,
1128 560 1182 640 qui

92 653 199 716 liberae
232 655 278 716 rei
309 655 455 737 publicae
487 660 613 719 senatus
641 679 797 738 unapars
821 663 935 742 essent,
958 664 993 723 ut
1015 661 1182 726 uoluerunt

92 755 203 836 .ntiqui
235 757 416 838 scriptores
449 757 554 838 regios
586 763 748 822 senatores
776 760 882 838 fuisse,
905 765 1011 824 tamen
1034 785 1087 826 eos
1110 759 1183 846 post

91 879 172 938 reges
205 864 332 923 exactos
365 883 429 922 non
462 861 564 942 magis
595 861 628 924 in
658 861 839 926 senatorum
867 864 981 927 officiis
1003 866 1181 948 fungendis

92 981 176 1039 quam
196 961 228 1022 in
251 983 285 1023 re
308 961 436 1042 publica
458 963 597 1043 regenda
619 965 824 1046 praecipuum
847 988 936 1029 suum
957 989 1069 1031 munus
1084 991 1180 1049 posu-

90 1063 145 1124 isse
166 1063 267 1126 credo.
312 1061 394 1126 Nam
417 1065 464 1127 ita
486 1065 611 1128 demum
633 1065 786 1130 declarari
808 1071 895 1149 pute,
912 1070 1069 1148 quomodo
1082 1070 1181 1133 inter-

92 1185 180 1244 regna
204 1186 361 1243 exercere,
384 1165 471 1247 leges
486 1167 649 1248 impedire,
665 1168 870 1249 magistratus
882 1170 1000 1234 reicere
1012 1172 1181 1252 potuerint.

181 1267 230 1330 Ad
253 1269 384 1330 eandem
407 1269 596 1332 sententiam
619 1269 689 1332 duci
711 1270 830 1348 uideor,
854 1271 881 1333 si
904 1273 1078 1352 considerq
1102 1296 1181 1354 quae

89 1369 182 1450 prima
203 1370 299 1432 fuerit
322 1371 464 1434 condicio
487 1371 730 1452 magistratuum
746 1395 957 1437 romanorum.
989 1374 1123 1439 Liberae
1136 1377 1182 1438 rei

88 1471 223 1552 publicae
246 1471 366 1536 ultimis
389 1473 522 1536 saeculis
539 1475 576 1536 ad
593 1475 797 1556 magistratus
811 1476 973 1540 notionem
986 1478 1183 1541 efficiendam

88 1574 187 1655 populi
218 1574 371 1656 suffragia
401 1575 580 1639 necessaria
601 1576 756 1652 fuerint¹3
779 1578 818 1640 iis
841 1583 876 1641 ut
898 1578 1103 1644 fundamento
1126 1603 1182 1644 suo

87 1681 219 1756 potestas
253 1676 496 1758 magistratuum
529 1677 599 1740 nisa
630 1678 680 1740 sit.
725 1676 786 1741 Sed
810 1679 984 1759 antiquitus
1006 1681 1067 1744 hoc
1090 1682 1182 1746 aliter

86 1777 175 1841 fuisse
202 1778 337 1842 uidetur.
381 1777 464 1841 Nam
489 1779 686 1858 dictatorem,
710 1781 763 1861 qui
785 1781 877 1844 initio
900 1782 1051 1863 magister
1073 1783 1180 1864 populi

87 1879 255 1962 appellatus
279 1903 347 1944 esse
370 1880 515 1960 dicitur²,
543 1886 575 1944 et
597 1882 786 1964 magistrum
809 1883 950 1964 equitum
973 1906 991 1947 a
1013 1885 1182 1966 magistra-

85 1985 167 2044 tuum
199 2003 330 2046 numero
362 1983 528 2046 excludere
559 1984 628 2066 ipsa
657 1985 786 2047 nomina
807 1985 988 2065 prohibent.
1033 1986 1121 2068 Ergo
1145 2009 1184 2049 ex

85 2082 140 2146 hac
171 2084 298 2165 quidem
329 2089 420 2166 parte
453 2085 533 2148 nihil
565 2085 706 2167 impedit,
741 2086 907 2166 quominus
940 2087 1180 2168 magistratuum

84 2185 246 2267 imperium
272 2208 335 2249 non
357 2187 543 2267 primarium
554 2191 598 2252 .et
620 2192 654 2250 ut
675 2187 721 2251 ita
743 2188 845 2251 dicam
869 2210 907 2250 ex
929 2211 962 2251 se
985 2194 1104 2267 natum,
1128 2191 1182 2252 sed

86 2289 122 2349 ab
144 2287 245 2351 alieno
268 2289 402 2370 imperio
426 2289 602 2352 deriuatum
626 2289 851 2353 existimemus,
890 2289 997 2372 Atque
1013 2292 1182 2374 magistra-

84 2395 131 2453 tus
163 2391 272 2474 populi
304 2392 427 2454 romani
458 2413 522 2454 non
552 2392 650 2472 ipsius
680 2393 775 2474 regia,
799 2393 854 2456 sed
876 2393 1092 2458 ministrorum
1116 2395 1182 2458 eius

85 2515 277 2560 successores
299 2493 406 2570 fuisse,
430 2494 483 2574 qui
506 2494 595 2574 regio
618 2495 769 2558 mandatu
791 2499 876 2558 certa
899 2497 1027 2577 negotia
1047 2497 1181 2573 obirent,

85 2596 232 2660 exercitui
255 2600 438 2678 praeessent
454 2600 507 2658 aut
522 2597 570 2658 ius
587 2596 737 2675 dicerent,
754 2597 941 2677 quibusdam
952 2598 1047 2660 rebus
1059 2598 1182 2660 ostendi

85 2701 183 2776 credo,
207 2720 295 2790 quae
323 2698 561 2780 nragistratibus
583 2699 730 2780 propriae
754 2704 852 2762 erant.
897 2699 947 2760 Ex
969 2697 1076 2779 regiae
1099 2699 1182 2761 enim

84 2801 193 2864 aetatis
216 2799 310 2862 rebus
333 2799 555 2863 declarandum
577 2805 665 2881 pute,
682 2801 775 2882 quod,
793 2823 863 2864 oum
878 2800 1082 2880 magistratus
1095 2823 1181 2862 sum-

83 2926 148 2966 mae
181 2902 228 2964 rei
260 2903 413 2982 praefecti
446 2907 560 2981 essent,
583 2903 767 2983 plerumque
802 2926 820 2966 a
851 2902 981 2983 collegis
1015 2902 1181 2982 imperium

83 3005 295 3068 exercebatur.
340 3003 425 3070 Nam
457 3004 542 3067 illam
573 3005 803 3068 institutionem
832 3009 931 3068 totam
956 3027 973 3067 e
996 3003 1127 3067 consilio
1151 3008 1182 3066 et

82 3107 247 3188 prudentia
279 3106 454 3188 profectam
488 3129 556 3170 esse
589 3107 740 3185 uirorum,
772 3108 817 3170 rei
849 3106 994 3188 publicae
1012 3099 1181 3187 'regendae

1 3267 2 3294 ᾗ
81 3210 263 3291 peritorum,
295 3231 406 3290 parum
437 3209 615 3290 probabile
631 3231 753 3273 censeo
799 3208 848 3275 Ad
871 3209 992 3290 regium
1015 3208 1182 3290 imperium

1 3299 2 3312 ¹
81 3311 282 3374 minuendum
313 3311 389 3373 satis
421 3315 499 3388 erat,
529 3311 554 3373 si
577 3298 723 3374 breuiore
745 3311 897 3393 temporis
921 3310 1023 3391 spatio
1047 3311 1181 3373 circum-

81 3413 232 3494 scriptum
266 3417 357 3476 esset.
403 3411 432 3475 A
463 3435 537 3493 rege
572 3414 610 3475 ad
645 3413 798 3494 quaedam
830 3435 960 3476 munera
983 3414 1182 3494 exsequenda

81 3516 164 3579 uiros
199 3515 298 3578 lectos
334 3537 411 3593 esse,
444 3515 497 3595 qui
530 3519 616 3578 certo
647 3520 790 3596 tempore
818 3519 849 3578 et
871 3515 954 3577 intra
977 3519 1080 3577 certos
1103 3515 1182 3578 fines

1 3655 2 3686 2
81 3617 159 3698 regii
181 3617 307 3698 imperii
329 3617 397 3679 uice
420 3617 637 3698 fungerentur,
661 3639 724 3679 non
743 3620 849 3697 potest
865 3615 1011 3679 dubitari.
1056 3614 1105 3678 lta
1120 3617 1181 3678 duo

81 3718 284 3800 magistratus
313 3719 496 3781 tantundem
520 3719 644 3799 imperii
667 3718 785 3781 habere
808 3721 965 3799 poterant.
1010 3715 1068 3779 llla
1091 3717 1181 3798 regni

81 3821 225 3884 instituta
247 3825 279 3884 et
301 3843 404 3884 mores
428 3821 521 3884 etiam
544 3821 663 3884 liberae
686 3820 732 3882 rei
755 3821 901 3902 publicae
917 3818 1113 3900 temporibus
1129 3840 1180 3880 re-

81 3927 167 3986 tenta
198 3945 277 4001 esse,
310 3927 341 3985 et
363 3922 606 4004 magistratuum
628 3926 786 4005 potestate
810 3922 925 3985 sensim
948 3925 1040 3984 aucta
1062 3921 1182 3984 factum

1 4073 2 4096 .
82 4046 158 4103 esse,
190 4029 225 4086 ut
256 4047 410 4088 summum
441 4025 607 4106 imperium
638 4024 758 4105 pariter
789 4024 870 4105 apud
902 4023 979 4086 duos
1002 4021 1054 4085 uel
1076 4021 1181 4103 plures

185 4160 192 4188 ¹
210 4165 274 4210 Uide
293 4163 439 4210 Mommsen
459 4165 497 4209 SR
516 4165 528 4209 I
546 4179 588 4223 pp.
610 4167 622 4209 8
643 4177 697 4222 sqq.

184 4243 194 4272 ‘²
213 4250 264 4296 Oic.
284 4250 316 4294 de
335 4263 389 4309 rep.
408 4249 420 4294 I
440 4252 478 4296 63.
514 4250 578 4296 Uido
597 4253 733 4308 praeterea
752 4249 857 4305 Madvig
875 4245 891 4294 l.
911 4249 926 4294 l.
946 4248 958 4293 Ι
977 4262 1020 4307 pp.
1041 4250 1088 4294 396
1108 4261 1146 4305 sq.
1217 4273 1219 4277 ·
