3004 5066
809 435 967 487 -34-

330 594 483 658 eiusmodi
515 595 631 659 fabulis
663 595 902 677 comprobatum
930 596 1096 677 longisque
1119 596 1181 660 illis
1205 599 1440 677 certaminibus,

330 696 443 776 quibus
467 719 485 758 a
509 697 653 778 patribus
675 696 762 779 plebi
784 697 994 773 resisteretur,
1018 719 1089 761 cum
1111 697 1189 761 haec
1211 699 1371 764 interdum
1389 723 1440 764 oe·

329 802 398 859 tero
429 798 545 879 populo
576 803 642 861 tam
674 802 757 861 esset
786 797 911 874 infesta,
934 803 969 861 ut
991 799 1136 862 domibus
1158 799 1278 863 relictis
1301 823 1341 864 ex
1363 803 1440 864 urbe

330 899 505 974 secederet;
529 899 582 980 qui
606 899 740 980 denique
764 899 988 976 consideraret,
1010 900 1138 981 publica
1159 901 1306 965 instituta
1329 903 1368 966 ad
1389 909 1439 966 to-

328 1004 395 1062 tum
427 1000 579 1081 populum
612 1001 805 1082 pertinentia
836 999 936 1079 (uelut
968 1001 1080 1078 tribua,
1104 1002 1245 1082 equitum
1269 1006 1439 1082 centuriae,

328 1101 467 1182 uirgines
490 1100 641 1182 uestales)
665 1123 736 1164 cum
758 1123 889 1164 numero
913 1102 1191 1182 amplificarentur,
1207 1105 1239 1167 id
1255 1104 1295 1167 ab
1308 1105 1439 1169 histori-

328 1225 417 1265 arum
445 1202 651 1283 scriptoribus
681 1225 752 1266 cum
774 1225 927 1266 nouarum
949 1204 1154 1284 patriciarum
1176 1206 1319 1286 gentium
1342 1229 1439 1288 ooop-

329 1305 449 1366 tatione
472 1303 635 1385 coniungi;
662 1304 732 1366 fieri
754 1326 817 1366 non
839 1325 942 1385 posse,
966 1309 1000 1367 ut
1023 1303 1191 1382 dubitaret,
1214 1307 1289 1386 quin
1312 1309 1440 1388 patricii

328 1405 448 1486 primae
477 1405 585 1486 regiae
613 1405 726 1468 aetatis
750 1405 878 1486 genuini
901 1409 932 1468 et
954 1405 1047 1468 liberi
1070 1407 1155 1469 ciues
1177 1407 1321 1483 fuissent,
1345 1409 1439 1490 pleno

329 1505 414 1568 ciuili
430 1505 497 1570 iure
513 1505 648 1586 praediti
665 1510 697 1568 et
711 1505 912 1569 multitudine
929 1507 1063 1586 quadam
1078 1507 1239 1572 clientium
1252 1511 1374 1592 stipati,
1388 1515 1440 1594 qui

329 1607 369 1670 ob
404 1607 559 1687 originem
593 1607 686 1670 modo
718 1607 834 1669 dietam
864 1606 996 1688 singulis
1024 1608 1176 1689 gentibus
1194 1612 1283 1675 uario
1306 1636 1439 1678 numero
1490 1674 1491 1678 ,

329 1709 481 1789 obsequio
505 1713 610 1772 essent
632 1709 779 1772 deuincti.
824 1709 946 1772 Deinde
970 1711 1008 1772 ad
1030 1709 1112 1788 illos,
1135 1716 1230 1792 prout
1245 1721 1439 1795 augerentur

328 1831 378 1873 res
411 1832 570 1887 romanae,
604 1829 760 1873 nouorum
790 1811 905 1873 ciuium
928 1810 1064 1887 turbam,
1087 1812 1107 1873 i.
1132 1834 1157 1875 e.
1181 1813 1307 1894 plebem
1331 1837 1439 1880 acces-

328 1912 415 1987 sisse,
451 1934 531 1992 quae
564 1911 667 1992 primo
702 1913 740 1974 ad
772 1911 891 1975 nullum
922 1912 1083 1993 publicum
1110 1914 1158 1976 ius
1182 1915 1328 1990 admissa,
1353 1923 1438 1981 certe

328 2014 469 2095 gentium
492 2013 625 2094 imperio
648 2035 710 2076 non
735 2017 819 2076 esset
841 2013 988 2076 obnoxia.
1038 2027 1040 2040 '

429 2114 456 2176 Ε
483 2114 565 2176 libro
595 2113 748 2194 Maduigii
770 2118 873 2177 totum
897 2135 968 2177 eum
991 2114 1094 2177 locum
1117 2118 1297 2198 perscripsi,
1322 2119 1380 2199 qui
1403 2121 1439 2183 ad

327 2220 468 2278 nostram
503 2215 721 2294 quaestionem
754 2215 902 2296 pertinet,
934 2237 1124 2297 quamquam
1155 2240 1218 2281 non
1241 2221 1348 2283 omnia
1374 2222 1439 2284 eius

330 2320 516 2398 argumenta
550 2315 602 2378 hio
636 2321 729 2379 erant
760 2317 975 2379 examinanda.
1021 2316 1123 2391 Quare
1151 2339 1258 2383 eorum
1286 2320 1440 2403 pleraque

329 2417 442 2480 leuiter
472 2421 595 2480 tantum
625 2417 847 2498 perstringam.
895 2416 985 2491 Quod
1017 2419 1054 2480 de
1076 2441 1208 2483 numero
1230 2423 1438 2501 patriciorum

329 2519 478 2599 loquitur,
508 2539 572 2580 non
595 2519 688 2580 credo
711 2518 875 2580 diiudicari
896 2540 999 2598 posse,
1023 2519 1096 2599 qnid
1120 2521 1158 2582 de
1181 2521 1240 2584 hac
1263 2545 1297 2585 re
1320 2529 1437 2604 putan-

327 2620 402 2682 dum
425 2621 475 2694 sit,
499 2623 667 2700 antequam
691 2619 732 2682 sit
755 2619 970 2697 constitutum,
994 2620 1048 2682 ubi
1071 2621 1161 2702 origo
1177 2625 1332 2702 patriciae
1344 2627 1438 2690 nobi-

328 2721 427 2784 litatis
461 2721 639 2800 quaerenda
672 2721 726 2796 sit3
762 2742 841 2801 quae
873 2725 1015 2784 ueterum
1044 2721 1160 2785 fabulis
1183 2724 1222 2786 de
1246 2745 1283 2786 ea
1306 2748 1341 2789 re
1364 2751 1437 2791 nar-

328 2827 447 2898 rantur,
480 2844 581 2902 pauca
612 2826 684 2884 sunt
707 2826 738 2884 et
760 2822 821 2884 fide
846 2827 963 2884 carent.
1008 2821 1057 2885 Ea
1079 2828 1193 2900 autem,
1218 2847 1298 2905 quae
1322 2829 1361 2890 de
1386 2829 1438 2891 illa

329 2924 490 2987 clientium
520 2929 552 2986 et
577 2923 679 3004 plebis
703 2923 957 2986 dissimilitudine
981 2925 1116 3004 scripsit,
1140 2930 1226 2988 reete
1249 2927 1439 2992 indicauerit

328 3047 435 3101 necne,
468 3025 552 3087 infra
585 3025 709 3088 occasio
743 3025 834 3087 nobis
866 3025 927 3087 erit
957 3026 1185 3088 considerandi.
1231 3027 1322 3102 Quod
1350 3053 1437 3106 uero,

328 3149 398 3190 cum
414 3125 567 3206 quaedam
583 3125 710 3206 publica
725 3126 871 3188 instituta
884 3125 1161 3206 amplificarentur,
1174 3129 1321 3208 antiquos
1335 3133 1437 3214 scrip·

327 3232 412 3290 tores
445 3227 587 3288 docuisse
619 3226 790 3301 contendit,
814 3225 908 3288 etiam
931 3227 1134 3306 patriciarum
1159 3229 1302 3314 gentium
1325 3254 1437 3296 nume-

327 3350 395 3390 rum
428 3331 552 3390 auctum
585 3347 663 3402 esse,
695 3319 857 3388 internas
880 3348 930 3389 res
954 3328 1108 3408 quendam
1134 3350 1310 3393 connexum
1334 3333 1376 3396 ab
1401 3335 1437 3396 iis

328 3431 480 3492 statutum
512 3447 580 3489 esse
610 3449 674 3490 non
705 3449 795 3508 nego.
841 3425 902 3490 Sed
930 3427 1084 3510 Maduigii
1107 3431 1281 3494 sententiae
1304 3434 1438 3497 minime

326 3530 443 3607 fauent,
467 3529 615 3609 quoniam
637 3529 775 3591 minores
796 3537 903 3612 pentes
924 3551 1025 3592 nouae
1043 3537 1177 3613 patruo
1201 3533 1356 3596 creationi
1373 3537 1436 3598 ori-

327 3632 432 3713 ginem
459 3651 548 3692 suam
570 3629 684 3692 debere
706 3629 827 3693 uolunt.
872 3629 975 3694 Uenio
999 3632 1037 3693 ad
1061 3653 1098 3693 ea
1121 3633 1340 3711 examinanda,
1365 3638 1436 3717 qui-

326 3733 385 3795 bus
416 3735 546 3796 conatus
578 3735 626 3794 est
653 3731 818 3794 ostendere
841 3733 890 3794 uir
912 3732 1152 3810 illustrissimus,
1176 3733 1294 3796 nullam
1314 3737 1436 3800 'nobili-

326 3837 424 3896 tatem
449 3853 486 3894 eo
508 3832 601 3894 modo
625 3833 701 3894 oriri
722 3833 873 3913 potuisse,
897 3856 958 3913 quo
982 3833 1045 3895 iam
1067 3832 1160 3896 Fabii
1176 3833 1313 3898 Pictoris
1330 3843 1436 3902 aetate

326 3934 491 4014 patriciam
514 3932 712 3996 nobilitatem
736 3938 838 3996 ortam
861 3955 929 3997 esse
952 3934 1133 3997 docebatur.

424 4033 563 4096 Primum
598 4035 666 4096 uiro
698 4035 880 4098 doctissimo
909 4036 941 4097 id
970 4035 1053 4098 obici
1075 4058 1168 4116 posse
1191 4037 1326 4116 uidetur,
1352 4041 1435 4120 quod

326 4157 389 4199 non
411 4135 600 4198 sententiam
623 4137 780 4218 integram
803 4137 906 4200 reddit
929 4160 1038 4200 eorum
1060 4139 1260 4218 scriptorum,
1277 4161 1359 4220 qnos
1375 4141 1434 4205 hoc

326 4236 419 4300 modo
442 4237 619 4317 impugnat:
646 4237 713 4299 “En
736 4237 851 4300 scadan
875 4235 1016 4301 Stiftelse
1032 4238 1068 4300 af
1080 4260 1118 4300 en
1133 4238 1215 4300 Adel
1226 4240 1287 4301 ved
1299 4239 1432 4324 Konge-
