3004 5066
764 375 921 426 „spp-

292 533 330 594 ad
364 534 581 613 qrraestionem
614 540 756 600 nostram
787 535 1019 600 diiudicandam
1051 559 1119 602 esse
1149 539 1284 617 uidetur,
1306 541 1406 604 uiros

293 633 401 698 doctos
423 657 534 715 parom
559 658 653 700 curae
676 638 705 700 ei
728 636 878 701 tribuisse
901 643 988 718 puto.

743 811 942 818 ..—

393 922 483 996 Quod
496 927 627 988 conatus
640 946 710 988 sum
721 925 896 1002 ostendere,
911 948 991 1006 qnae
1004 926 1041 989 de
1053 926 1207 1008 patriciae
1219 927 1408 990 nobilitatis

292 1023 413 1104 origine
446 1023 538 1088 nobis
569 1024 685 1089 litteris
717 1027 855 1107 antiquis
882 1027 999 1103 tradita
1021 1032 1103 1105 sunt,
1127 1049 1165 1091 ea
1187 1033 1219 1092 et
1242 1051 1409 1093 consensu

292 1125 419 1188 testium
444 1147 543 1216 paene
567 1125 713 1190 absoluto
737 1127 862 1192 defendi
885 1132 917 1192 et
939 1150 998 1192 sua
1013 1129 1155 1210 ipsorum
1170 1151 1233 1194 non
1246 1132 1408 1194 mediocri

291 1225 526 1305 probabilitate,
559 1249 621 1290 non
651 1250 702 1292 me
724 1228 770 1292 ita
791 1229 955 1311 proposito
979 1252 1050 1293 meo
1073 1231 1286 1296 satisfecisse
1309 1238 1408 1314 puto.

291 1326 435 1410 Apparet
465 1327 551 1391 uiros
582 1329 702 1405 doctos,
738 1351 809 1394 cum
846 1335 912 1394 tam
947 1330 1063 1394 acriter
1096 1338 1263 1414 negarunt,
1297 1335 1407 1416 patri-

293 1428 373 1491 ciam
404 1427 603 1492 nobilitatem
635 1451 651 1492 e
683 1431 768 1512 regis
806 1435 916 1494 senatu
951 1431 1039 1513 gigni
1073 1432 1225 1514 potuisse,
1260 1457 1324 1498 non
1363 1435 1408 1498 ob

292 1529 324 1592 id
356 1523 541 1609 piaesertim
575 1530 621 1593 ita
654 1530 777 1608 fecisse,
810 1532 895 1612 qnod
926 1532 1069 1613 ipsorum
1096 1534 1225 1598 testium
1249 1535 1347 1598 fidem
1373 1542 1408 1599 ct

292 1630 507 1712 integritatem
530 1635 585 1694 aut
603 1632 802 1713 prudentiam
818 1638 999 1714 suspectam
1015 1633 1179 1711 haberent,
1195 1657 1299 1717 neque
1315 1637 1408 1718 qnod

291 1734 390 1814 ipsam
414 1753 480 1796 rem
502 1732 596 1796 nimis
618 1733 812 1815 implicatam
837 1739 892 1798 aut
906 1756 1036 1815 prorsus
1051 1735 1220 1799 absurdam
1233 1738 1406 1813 ducerent;

291 1835 345 1898 sed
369 1834 444 1914 quia
465 1834 498 1898 in
520 1836 588 1898 iure
611 1839 643 1898 et
665 1834 789 1915 legibus
813 1840 844 1898 et
866 1835 1020 1899 institutis
1043 1836 1156 1918 populi
1179 1835 1317 1902 Romani
1328 1861 1407 1903 esse

292 1939 455 2022 putabant,
478 1959 559 2018 quac
582 1958 645 1999 non
669 1936 823 2000 declarari
846 1942 987 2018 possent,
1003 1937 1063 2000 nisi
1080 1938 1289 2004 constitutum
1305 1945 1404 2016 esset,

292 2039 442 2119 patricios
474 2039 549 2102 olim
579 2038 663 2102 solos
688 2038 816 2101 ciuitate
840 2061 971 2102 romana
994 2061 1067 2102 usos
1091 2061 1168 2102 esse.
1214 2038 1281 2102 Iam
1305 2064 1407 2123 snpra

292 2141 369 2204 duas
402 2162 452 2204 res
484 2139 587 2220 attigi,
619 2161 697 2220 quas
728 2138 900 2221 plurimum
934 2139 1072 2204 ualuisse
1105 2141 1199 2204 credo
1231 2142 1270 2204 ad
1301 2143 1403 2205 talem

293 2240 472 2321 opinionem
496 2240 710 2304 excolendam.
749 2239 827 2303 Cum
850 2240 947 2322 uulgo
970 2241 1191 2318 existimarint,
1212 2243 1252 2306 ad
1268 2244 1405 2307 comitia

293 2331 415 2404 curiata
445 2341 595 2423 patricios
626 2345 750 2407 tantum
781 2342 866 2406 uiros
899 2342 1094 2419 conuenisse,
1123 2347 1155 2406 et
1179 2365 1250 2406 cum
1273 2348 1403 2425 patrum

294 2443 482 2506 auctoritate
516 2443 615 2507 totius
645 2444 772 2525 patricii
794 2445 930 2508 nominis
953 2444 1103 2508 iudicium
1127 2445 1283 2510 contineri
1305 2451 1403 2527 puta-

292 2547 366 2622 rint,
400 2569 463 2610 uon
493 2546 654 2623 miramur,
686 2547 770 2627 quod
794 2547 854 2610 uiri
876 2547 962 2610 docti
985 2546 1217 2626 concluserunt,
1246 2548 1401 2630 patricios

293 2648 384 2712 initio
416 2649 501 2712 ciues
532 2647 639 2724 fuisse,
671 2647 814 2729 plebeios
837 2669 913 2711 nero
936 2647 1079 2725 libertos,
1103 2649 1278 2726 dediticios,
1302 2651 1402 2713 adue·

293 2772 359 2827 nas,
383 2772 518 2831 quorum
542 2749 655 2812 ciuitas
678 2754 713 2812 nt
735 2750 873 2813 deterior
895 2749 940 2814 ita
962 2754 1106 2832 tempore
1129 2751 1287 2832 posterior
1304 2755 1400 2814 esset.

295 2851 376 2926 Quid
409 2853 447 2915 de
481 2851 617 2915 comitiis
650 2850 779 2914 curiatis
808 2855 839 2914 et
861 2855 988 2932 patrum
1012 2851 1202 2916 auctoritate
1224 2853 1400 2932 putandum

294 2975 363 3018 esse
395 2954 531 3030 credam,
562 2952 614 3016 hic
646 2974 709 3016 non
732 2951 839 3014 multis
862 2951 969 3016 uerbis
993 2951 1208 3033 explicaturus
1231 2975 1310 3016 sum.
1357 2949 1402 3015 Ut

294 3055 369 3131 dixi,
393 3079 411 3116 a
433 3053 510 3117 uiris
533 3054 644 3130 doctis,
668 3075 802 3133 quorum
825 3075 921 3135 supra
943 3054 1072 3117 nomina
1094 3053 1198 3132 attuli,
1214 3053 1308 3135 plane
1323 3075 1399 3136 pro-

294 3157 404 3219 batum
426 3155 504 3218 mihi
527 3156 662 3232 uidetur,
685 3154 772 3218 nulla
794 3157 982 3235 argumenta
1003 3154 1131 3236 prolata
1146 3177 1225 3233 esse,
1238 3154 1399 3220 curdubi-

294 3262 443 3333 tacemus
478 3257 553 3336 quin
587 3277 711 3337 semper
741 3255 831 3337 plebs
862 3255 925 3318 illis
958 3255 1095 3320 comitiis
1119 3246 1262 3320 admissa*
1279 3261 1364 3320 esset
1378 3255 1399 3329 ¹3

295 3379 397 3438 neque
429 3358 533 3421 minus
565 3360 710 3420 accurate
743 3357 1004 3434 demonstratum,
1028 3361 1156 3437 patrum
1178 3357 1400 3422 auctoritatem

295 3460 377 3542 apud
410 3459 561 3541 patricios
594 3462 757 3522 senatores
787 3457 926 3538 positam
957 3455 1089 3522 fuisset
1134 3457 1185 3524 Ex
1213 3457 1272 3522 hac
1300 3463 1398 3540 parte,

296 3563 378 3644 quod
401 3561 589 3642 intelligam,
612 3581 693 3641 quae
716 3559 844 3622 annales
867 3557 1020 3635 tulerunt,
1043 3581 1107 3623 non
1125 3563 1259 3639 possunt
1274 3559 1398 3640 impug-

295 3664 372 3726 nari.
418 3661 480 3726 Sed
503 3665 682 3744 supersunt,
705 3682 786 3742 quae
809 3659 1023 3724 dubitationes
1046 3681 1174 3724 mouere
1197 3660 1329 3740 possint.

372 3764 501 3853 ‘Atque
527 3765 663 3845 primum
686 3763 764 3826 mihi
787 3763 824 3825 de
847 3760 995 3842 gentibus
1018 3763 1156 3825 romanis
1179 3761 1399 3842 disputandum

296 3873 357 3942 est3
389 3889 452 3930 non
484 3867 530 3929 ita
560 3870 595 3928 ut
626 3865 753 3928 omnino
786 3885 894 3926 eruere
927 3885 1032 3939 coner,
1064 3864 1139 3944 qnid
1170 3863 1207 3925 de
1234 3863 1398 3926 naturast

295 3969 417 4031 ratione
449 3989 557 4030 earum
586 3966 759 4046 putandum
791 3965 841 4040 sit,
874 3965 1031 4044 quomodo
1062 3965 1252 4028 constitutae
1284 3963 1348 4027 sint
1369 3964 1398 4025 et

400 4119 407 4148 ¹
426 4125 490 4170 Uide
510 4137 590 4182 snpra
609 4136 652 4181 pp.
673 4125 686 4168 3
706 4136 743 4180 sq.

399 4203 408 4233 ²
427 4208 472 4254 on
490 4221 515 4266 p.
535 4209 573 4253 51.
