3004 5066
582 397 739 448 -25--

101 581 275 656 rannerius
302 562 519 644 patriciorum
549 561 667 621 asciuit
692 559 810 621 Cucsur·
833 562 1086 623 recentissimum
1109 580 1214 644 quem-

101 685 167 746 que
191 685 206 726 c
230 669 342 726 seranta
372 669 427 724 ((111
451 661 564 744 quibus
588 662 670 723 olari
687 667 841 742 parentes
862 660 1003 741 fueraut.
1049 660 1114 724 Ubi
1137 659 1217 724 nihil

100 764 268 844 prohibet,
303 763 471 844 quominus
504 761 604 825 uerbo
637 781 652 823 e
683 768 796 824 serrula
829 766 861 824 et
895 761 934 823 ad
964 762 1216 823 scelestissimum

102 855 261 950 prioraque
292 870 323 928 et
354 865 394 926 sd
424 885 489 940 cos,
517 861 630 947 quibus
654 861 736 924 olori
758 869 908 944 parentes
929 862 1073 941 fueruat,
1096 861 1215 925 refera-

102 990 189 1030 mus.
235 966 446 1030 Transeamus
476 966 515 1028 ad
543 985 596 1027 eos
621 963 707 1026 uiros
730 963 970 1040 enumerandos,
995 963 1049 1046 qui
1071 964 1216 1026 uomina·

103 1069 166 1132 tim
199 1068 283 1131 inter
315 1067 466 1147 patricios
498 1065 604 1128 allecti
635 1065 791 1128 dicuntur.
836 1063 943 1126 Libris
970 1065 1109 1145 antiquis
1132 1063 1217 1127 huno

104 1170 264 1232 honorem
285 1169 429 1248 adeptos
463 1168 670 1248 cognouimus
704 1166 844 1247 (praeter
878 1163 1060 1245 Octauium)
1088 1165 1216 1229 Cicero-

104 1291 181 1333 nem
194 1269 214 1346 ¹,
235 1269 286 1331 li.
321 1267 463 1332 Saluium
498 1265 657 1330 Othonem
668 1265 689 1343 ²,
724 1266 907 1347 Agricolam
921 1264 942 1344 ³,
978 1265 1116 1330 Annium
1150 1265 1216 1330 Ue-

107 1370 212 1448 rum&
244 1368 403 1450 Opellium
434 1369 612 1432 Macrinum
624 1366 645 1430 ⁵.
691 1367 832 1442 Quorum
855 1369 977 1448 priores
1000 1373 1066 1431 tres
1089 1374 1217 1432 senato-

107 1493 161 1536 res
192 1475 295 1547 erant;
326 1471 450 1534 Annius
481 1469 586 1534 Uerus
610 1492 672 1550 quo
696 1469 766 1532 loco
790 1469 896 1545 fuerit,
921 1491 992 1532 cum
1015 1469 1217 1551 allegaretur,

105 1597 173 1638 non
207 1578 342 1642 constat,
375 1573 436 1634 nisi
468 1571 553 1652 quod
583 1576 675 1651 pater
698 1571 765 1634 eius
789 1575 918 1634 senator
941 1575 1022 1645 erat3
1046 1571 1217 1649 Macrinus,

105 1677 159 1738 uir
186 1675 342 1756 equestris
367 1674 496 1749 ordinis
520 1697 539 1735 a
561 1678 673 1736 senatu
696 1673 780 1735 iuter
802 1673 954 1754 patricios
977 1674 1078 1738 lectus
1102 1679 1159 1749 est,
1183 1679 1218 1736 ut

104 1777 248 1858 primum
269 1777 399 1840 nuntius
422 1776 520 1852 uenit,
544 1796 616 1837 eum
639 1797 658 1836 a
680 1774 835 1837 militibus
855 1775 1082 1856 imperatorem
1097 1777 1218 1839 factum

106 1901 190 1943 esse.
225 1878 330 1941 Latini
346 1877 442 1953 tituli,
463 1877 577 1956 quibus
598 1876 807 1957 patriciorum
825 1875 1011 1940 allectiones
1025 1898 1217 1940 commemo-

104 1986 229 2056 rantur,
252 1979 336 2042 haud
360 1980 452 2060 pauci
476 1983 653 2042 seruantur.
688 1977 813 2040 Dessau
828 1975 852 2040 Ι.
866 1977 901 2040 L.
916 1975 946 2040 S.
963 1975 978 2039 I
994 1978 1055 2040 964
1072 1977 1106 2040 P.
1121 1977 1217 2041 Plau-

105 2083 173 2146 tius
197 2081 343 2156 Pulcher,
367 2081 417 2144 uir
438 2079 628 2162 praetoriae,
654 2101 672 2140 a
695 2078 827 2142 Claudio
851 2079 934 2141 inter
949 2079 1101 2159 patricios
1116 2079 1217 2143 lectus

106 2184 235 2259 dieitur,
260 2183 321 2246 975
344 2182 387 2245 M.
411 2182 546 2244 Heluius
570 2180 731 2256 Geminae,
744 2180 822 2242 item
838 2181 1026 2260 praetorius,
1044 2180 1083 2243 ab
1097 2183 1216 2244 eodem.

107 2287 172 2349 990
196 2289 228 2350 et
251 2284 309 2346 991
341 2283 475 2347 Domitii
502 2281 650 2345 Lucanus
675 2287 706 2345 et
729 2280 841 2345 'Pullus
865 2281 989 2360 fratres,
1012 2282 1066 2346 ille
1089 2288 1217 2363 praeto-

106 2388 186 2463 rius,
220 2385 271 2448 hic
304 2385 505 2460 tribunicius,
536 2407 554 2446 a
584 2383 783 2464 Uespasiano
811 2383 936 2464 patricii
959 2382 1037 2446 facti
1060 2384 1217 2448 dicuutur.

107 2487 136 2552 Ε
169 2487 263 2552 titulo
297 2488 377 2550 1019
411 2491 522 2567 utpote
554 2485 700 2548 mutilato
731 2485 811 2547 nihil
833 2484 979 2548 concludi
1001 2489 1116 2566 potest.
1162 2484 1217 2547 Ti-

106 2591 213 2655 tulum
248 2590 329 2652 1032
362 2589 458 2651 liceat
488 2587 567 2649 mihi
598 2591 702 2650 totum
729 2586 922 2648 exscribere:
958 2621 996 2630 -
1021 2625 1059 2632 -
1085 2621 1124 2630 -
1148 2587 1219 2648 (11111

113 2693 255 2756 Troiani
288 2691 370 2772 Arrp.
403 2710 493 2772 prou.
529 2689 733 2767 Britanniae,
766 2695 865 2750 cierat.
895 2709 1008 2770 opnor.
1036 2686 1135 2765 orbis,
1153 2706 1218 2766 pa,

107 2794 183 2857 trib.
215 2791 282 2854 11111.
315 2791 370 2872 lep.
405 2789 484 2853 XII
512 2789 698 2868 Fulminat,
731 2790 813 2851 solio
839 2788 955 2866 Palae,
979 2793 1099 2871 quaest.
1125 2788 1217 2868 Auo,

107 2902 212 2958 curat.
245 2900 387 2956 octorrun
420 2898 559 2972 senatur,
591 2891 712 2954 adiecto
742 2893 826 2952 iuter
848 2892 966 2972 patric.
991 2888 1029 2951 ab
1053 2889 1129 2950 diuo
1159 2887 1217 2950 Ue-

107 2996 277 3079 spasiano,
300 2992 363 3056 III
382 2996 434 3054 uir
456 3015 484 3054 o.
510 3014 539 3054 o.
565 3013 593 3054 o.
615 2992 641 3072 f.
663 2991 701 3071 f„
720 3011 758 3052 ea
774 2997 957 3052 testamento
981 2989 1218 3051 Uoltillaeeius.

107 3097 266 3161 Uidemus
297 3116 368 3157 eum
402 3095 515 3170 uirum,
547 3093 637 3155 cuius
668 3092 805 3155 honores
832 3091 885 3153 hic
907 3090 1020 3153 titulus
1044 3095 1217 3164 enumerat,

107 3198 219 3263 statim
253 3201 326 3278 post
360 3195 614 3275 uigintiuiratum
646 3195 729 3256 inter
760 3192 911 3274 patricios
935 3191 1092 3254 allectum.
1138 3189 1218 3254 Item

110 3300 195 3364 1054
218 3304 251 3361 et
276 3299 355 3360 1063
378 3297 507 3360 uomina
530 3296 693 3359 continent
716 3295 868 3371 uirorum,
893 3294 947 3374 qui
970 3297 1043 3356 ante
1067 3299 1217 3373 quaestu-

108 3423 180 3466 ram
212 3404 334 3481 gestam
364 3399 448 3461 inter
470 3397 621 3478 patricios
645 3395 751 3459 allecti
773 3401 856 3459 suut.
903 3395 984 3457 1126
1007 3393 1057 3456 uir
1080 3394 1216 3474 quidam,

109 3503 202 3567 ouius
225 3522 339 3564 nomeu
363 3499 501 3575 euanuit,
526 3521 544 3560 a
567 3497 740 3561 Commodo
762 3497 845 3560 iuter
869 3495 1067 3576 quaestorios
1089 3500 1121 3556 et
1135 3494 1218 3557 iuter

108 3603 264 3686 patricios
286 3603 388 3665 lectus
413 3600 537 3662 dicitur.
583 3600 663 3661 1127
688 3599 874 3661 memoriam
897 3600 1004 3659 seruat
1026 3595 1068 3658 M.
1086 3595 1218 3658 Antonii

109 3705 202 3769 Antii
226 3704 308 3786 Lupi
330 3726 388 3784 pr..
411 3701 548 3783 patricii,
572 3701 711 3781 auguria
736 3703 857 3779 quaest.
875 3721 900 3761 e.
915 3719 981 3778 q.s.
1024 3695 1086 3759 Sed
1108 3717 1217 3777 super·

218 3873 226 3902 ¹
244 3878 291 3922 Dio
310 3876 388 3921 XLVI
409 3878 446 3920 22.
534 3923 538 3928 ,

215 3955 225 3985 ²
243 3962 393 4008 Suetonius:
413 3961 480 4006 Otho
502 3962 522 4004 1.

217 4039 226 4069 ³
244 4047 304 4091 Tac.
325 4047 408 4102 Agric.
429 4049 450 4088 o.

215 4125 292 4176 ⁴Iul.
312 4130 387 4188 Cap:
407 4129 440 4174 M.
461 4129 605 4173 Antoninus
624 4127 687 4172 Phil.
710 4129 730 4170 1.

215 4210 290 4260 5Iul.
312 4215 387 4272 Cap:
408 4213 453 4271 Op.
473 4213 551 4257 Mucr.
572 4213 593 4256 ’1.
