3004 5066
571 414 729 466 „15-

90 595 162 636 rem
195 573 354 637 reicienda
387 574 459 637 sint.
505 573 636 638 Constat
670 597 722 638 eas
753 575 912 640 annalium
944 581 1060 659 partes
1084 577 1198 658 quibua

89 696 206 756 regum
228 683 373 757 tempora
396 675 607 760 continentur,
630 677 675 740 ita
698 677 858 740 confectas
881 699 959 755 esse,
975 683 1010 742 ut
1026 700 1063 742 ea
1078 679 1198 743 liberae
1270 738 1273 746 .

90 778 140 839 rei
167 776 314 859 publicae
341 777 487 840 instituta
510 781 604 858 atque
628 799 741 854 mores,
766 801 898 858 quorum
922 780 1012 862 origo
1036 780 1197 844 obliuione

90 879 210 942 obruta
233 883 310 955 erat,
334 901 422 942 suam
444 877 599 942 haberent
622 879 875 961 explicationem.
914 878 962 943 Ob
985 881 1068 944 hanc
1090 904 1197 944 eorum

92 981 255 1044 annalium
270 980 514 1056 condicionem,
542 980 655 1060 quibus
679 981 916 1060 antiquissimae
939 1004 990 1046 res
1012 981 1122 1063 populi
1144 1005 1197 1045 ro-

92 1083 180 1146 mani
211 1085 390 1158 narrantur,
421 1081 491 1144 fieri
522 1104 585 1145 non
616 1086 752 1162 poterat,
785 1083 859 1162 quin
893 1084 1084 1147 narrationis
1108 1084 1213 1164 quasi¹

93 1187 227 1246 externa
258 1182 451 1244 lineamenta
479 1217 517 1226 -
547 1187 582 1245 ut
614 1204 769 1273 personae
804 1189 836 1246 et
869 1188 1013 1264 tempora
1038 1223 1074 1230 -
1100 1207 1197 1247 uanas

92 1283 250 1364 imagines
279 1283 464 1364 proderent;
491 1305 593 1363 neque
624 1306 661 1347 eo
686 1285 788 1347 minus
812 1285 954 1348 accidere
977 1286 1091 1366 potuit,
1115 1289 1149 1348 ut
1172 1286 1198 1348 si
1224 1334 1227 1342 .

96 1385 250 1447 eiusmodi
277 1406 327 1446 res
355 1385 526 1465 exceperis
549 1384 705 1465 plurimae
728 1389 814 1448 recte
838 1386 1080 1468 explicarentur,
1104 1386 1197 1450 modo

95 1486 272 1566 posteriora
293 1490 439 1567 tempora
461 1487 675 1566 antiquiorum
698 1485 803 1568 aliqua
823 1487 959 1569 uestigia
974 1487 1197 1563 seruauissent,

93 1609 229 1667 quorum
258 1587 375 1650 auxilio
404 1588 502 1652 adiuti
525 1589 577 1651 uia
600 1594 632 1652 et
654 1589 777 1652 ratione
800 1590 955 1652 maiorum
978 1590 1124 1653 instituta
1146 1611 1197 1652 re·

91 1692 203 1768 petere
225 1694 354 1769 possent
377 1711 482 1752 rerum
506 1691 686 1771 scriptores.
725 1689 815 1764 Quod
838 1697 873 1754 ut
896 1691 1040 1772 exemplo
1057 1691 1196 1754 illustre-

91 1812 175 1866 mus
206 1813 297 1854 nemo
329 1792 380 1867 sit,
413 1792 466 1872 qui
498 1791 657 1854 annalium
688 1777 896 1872 scriptoribus
921 1793 1037 1869 credat,
1061 1791 1196 1855 Romam

90 1914 127 1954 re
151 1913 228 1955 uera
250 1916 269 1955 a
290 1892 427 1956 Romulo
451 1917 478 1956 a.
503 1895 531 1956 d.
555 1891 601 1956 Xl
623 1893 694 1956 Kal.
718 1893 794 1956 Mai.
819 1915 887 1958 ease
904 1895 1078 1968 conditam3
1094 1916 1197 1974 neque

89 1998 200 2056 tamen
231 1994 296 2056 ulla
327 2016 421 2058 causa
452 2009 509 2072 est,
534 2017 589 2058 cur
613 1995 791 2058 necessario
816 1994 1005 2071 dubitemus,
1029 1995 1105 2074 quin
1129 2017 1196 2058 om-

46 2112 48 2118 ·
89 2095 168 2158 nino
201 2099 288 2159 certo
319 2096 368 2158 die
392 2101 424 2159 et
447 2097 542 2160 certis
566 2097 765 2159 caerimoniis
789 2097 915 2159 condita
938 2097 988 2174 sit,
1012 2102 1047 2159 ut
1068 2097 1198 2159 tradunt

90 2197 150 2259 illi.
195 2195 274 2260 Item
307 2198 390 2278 quod
417 2198 559 2261 narrauit
589 2197 716 2274 Fabius,
740 2196 910 2262 Romulum
935 2202 1059 2261 centum
1083 2198 1197 2262 fecisse

89 2303 256 2362 senatores
273 2303 304 2362 et
319 2300 426 2362 statim
444 2299 483 2361 ab
500 2298 549 2361 his
567 2304 710 2362 exortam
728 2321 796 2362 esse
808 2297 975 2380 patriciam
987 2299 1197 2374 nobilitatem,

88 2401 124 2462 id
140 2401 311 2463 memoriae
327 2401 497 2477 mandauit,
521 2401 559 2464 de
576 2423 637 2482 quo
654 2423 717 2464 non
732 2403 834 2483 magis
850 2402 917 2482 ipse
933 2401 1031 2464 ullum
1047 2401 1198 2464 iudicium

14 2571 17 2578 ,
89 2501 211 2564 habere
227 2507 334 2584 posset
358 2525 451 2583 quam
475 2503 528 2583 qui
546 2503 699 2584 proximis
716 2508 788 2566 ante
806 2525 877 2566 eum
892 2503 1038 2566 uixerant
1053 2503 1196 2566 saeculis.

89 2601 322 2666 Uerumtamen
345 2604 463 2684 aliquid
486 2605 553 2667 ueri
576 2604 650 2667 huic
674 2627 798 2684 quoque
821 2604 948 2667 fabulae
972 2605 1075 2666 inesse
1094 2626 1196 2684 posse,

90 2707 164 2786 quis
187 2709 302 2786 neget?
347 2703 379 2768 Si
403 2711 510 2770 cetera
532 2705 629 2770 missa
654 2706 787 2769 facimus
810 2711 905 2786 atque
928 2705 989 2768 hoc
1012 2710 1136 2767 tantum
1159 2727 1197 2767 ex

92 2807 255 2869 annalium
291 2807 482 2870 testimoniis
520 2807 702 2881 retinemus,
741 2807 907 2887 patriciam
945 2806 1144 2869 nobilitatem
1180 2829 1196 2868 e

91 2908 183 2989 regio
221 2908 352 2972 consilio
385 2913 493 2971 natam
531 2930 599 2970 esse
640 2913 703 2982 aut,
737 2913 772 2969 ut
804 2908 925 2970 cautius
953 2907 1129 2987 loquamur,
1160 2929 1198 2969 ex

88 3010 130 3072 iis
160 3010 321 3092 patribus,
355 3011 408 3090 qui
441 3009 561 3072 liberae
591 3008 637 3072 rei
668 3007 814 3088 publicae
845 3007 1041 3089 temporibus
1065 3013 1192 3071 senatus

89 3133 156 3173 una
188 3133 261 3190 pars
294 3117 393 3188 erant,
428 3132 570 3191 quosque
605 3111 671 3173 sine
695 3109 790 3173 dubio
814 3114 938 3172 ueteres
961 3109 1133 3190 scriptores
1159 3149 1194 3156 —-

89 3216 180 3274 recte
208 3234 245 3274 an
273 3234 439 3293 perperam
465 3212 517 3275 hic
545 3211 624 3275 nihil
654 3212 693 3274 ad
714 3234 772 3274 nos
796 3250 834 3256 --
858 3211 938 3292 regii
959 3210 1082 3274 consilii
1105 3209 1198 3274 here-

90 3314 226 3376 ditatem
250 3314 370 3394 cepisse
395 3314 561 3394 putabant,
585 3314 610 3376 si
634 3313 694 3376 hoc
717 3313 819 3376 solum
843 3313 1025 3389 retinemus
1049 3313 1198 3376 statimne

91 3415 326 3478 decernendum
357 3419 414 3490 est,
446 3437 484 3477 ne
514 3416 547 3476 in
572 3415 631 3478 hac
664 3415 788 3494 quidem
815 3437 848 3477 re
876 3413 967 3476 Fabii
995 3415 1198 3478 autoritatem

91 3551 134 3559 —-
166 3520 202 3578 ut
235 3516 301 3578 eius
334 3516 436 3580 solum
458 3517 613 3580 rationem
641 3516 776 3578 habeam
801 3551 839 3558 —
871 3516 1040 3595 quidquam
1071 3515 1198 3578 ualere?

89 3617 137 3680 Et
169 3617 196 3678 si
226 3617 284 3679 sub
315 3617 444 3680 ultimos
476 3617 597 3680 liberae
630 3617 677 3679 rei
698 3617 844 3697 publicae
868 3638 967 3679 armos
991 3616 1197 3695 originariam

91 3724 125 3780 et
158 3718 326 3797 genuinam
358 3719 500 3798 gentium
521 3718 728 3798 patriciarum
752 3716 970 3780 condicionem
993 3721 1059 3778 tam
1082 3715 1197 3780 obscu-

91 3825 197 3883 ratam
227 3819 324 3882 fuisse
357 3824 515 3900 putamus,
549 3825 583 3883 ut
616 3818 787 3895 CiceroniS,
818 3841 911 3898 quem
934 3818 1070 3898 exempli
1094 3818 1198 3898 gratia

90 3921 233 3998 nomino,
257 3910 398 4001 opinioni
421 3921 486 3984 fere
510 3922 597 3984 nulla
619 3921 668 3984 uis
691 3922 733 3984 sit
755 3920 922 3982 tribuenda
947 3955 984 3962 -
1010 3941 1046 3981 ac
1068 3941 1198 3982 reuera

91 4024 256 4088 Ciceronis
279 4027 311 4085 et
332 4022 417 4086 Liuii
440 4023 547 4100 uerba,
572 4045 652 4104 quae
676 4045 771 4104 supra
794 4020 895 4097 attuli,
914 4042 996 4084 nunc
1011 4020 1197 4101 plerumque

89 4128 139 4189 ita
170 4124 348 4198 laudantur,
381 4125 471 4203 quasi
498 4147 561 4187 non
584 4125 644 4187 nisi
668 4124 806 4205 ipsorum
831 4122 994 4203 opiniones
1018 4121 1084 4184 siue
1110 4143 1196 4185 com-

91 4232 203 4289 menta
224 4224 397 4306 praebeant
421 4263 458 4270 -
483 4224 563 4288 lianc
587 4247 652 4288 rem
676 4225 769 4305 plane
791 4224 900 4287 eodem
917 4223 1010 4286 modo
1026 4223 1088 4284 iam
1106 4221 1196 4285 Fabii
