<?xml version="1.0" encoding="UTF-8"?>
<!DOCTYPE html PUBLIC "-//W3C//DTD XHTML 1.0 Transitional//EN"
    "http://www.w3.org/TR/xhtml1/DTD/xhtml1-transitional.dtd">
<html xmlns="http://www.w3.org/1999/xhtml" xml:lang="en" lang="en">
 <head>
  <title>
</title>
<meta http-equiv="Content-Type" content="text/html;charset=utf-8" />
  <meta name='ocr-system' content='tesseract 3.04.00' />
  <meta name='ocr-capabilities' content='ocr_page ocr_carea ocr_par ocr_line ocrx_word'/>
</head>
<body>
  <div class='ocr_page' id='page_1' title='image "./deoriginegentiu00staagoog_0016.png"; bbox 0 0 3004 5066; ppageno 0'>
   <div class='ocr_carea' id='block_1_1' title="bbox 787 417 940 468">
    <p class='ocr_par' dir='ltr' id='par_1_1' title="bbox 787 417 940 468">
     <span class='ocr_line' id='line_1_1' title="bbox 787 417 940 468; baseline -0.007 -16"><span class='ocrx_word' id='word_1_1' title='bbox 787 446 817 452; x_wconf 79' lang='grc'><strong>--</strong></span> <span class='ocrx_word' id='word_1_2' title='bbox 848 417 884 468; x_wconf 80' lang='lat'><strong>10</strong></span> <span class='ocrx_word' id='word_1_3' title='bbox 912 446 940 452; x_wconf 89' lang='lat'><strong>..</strong></span> 
     </span>
    </p>
   </div>
   <div class='ocr_carea' id='block_1_2' title="bbox 259 574 1498 3894">
    <p class='ocr_par' dir='ltr' id='par_1_2' title="bbox 259 574 1498 3894">
     <span class='ocr_line' id='line_1_2' title="bbox 309 574 1418 661; baseline 0.002 -18"><span class='ocrx_word' id='word_1_4' title='bbox 309 581 385 643; x_wconf 91' lang='lat' dir='ltr'><strong>tudo</strong></span> <span class='ocrx_word' id='word_1_5' title='bbox 409 583 441 642; x_wconf 92' lang='lat' dir='ltr'><strong>et</strong></span> <span class='ocrx_word' id='word_1_6' title='bbox 463 577 539 640; x_wconf 90' lang='lat' dir='ltr'><strong>satis</strong></span> <span class='ocrx_word' id='word_1_7' title='bbox 562 599 661 658; x_wconf 89' lang='lat' dir='ltr'><strong>parua</strong></span> <span class='ocrx_word' id='word_1_8' title='bbox 684 581 731 640; x_wconf 89' lang='lat' dir='ltr'><strong>est</strong></span> <span class='ocrx_word' id='word_1_9' title='bbox 754 599 855 658; x_wconf 91' lang='lat' dir='ltr'><strong>neque</strong></span> <span class='ocrx_word' id='word_1_10' title='bbox 878 579 1056 642; x_wconf 89' lang='lat' dir='ltr'><strong>necessario</strong></span> <span class='ocrx_word' id='word_1_11' title='bbox 1076 579 1234 660; x_wconf 79' lang='lat' dir='ltr'><strong>prohibet,</strong></span> <span class='ocrx_word' id='word_1_12' title='bbox 1249 574 1418 661; x_wconf 82' lang='lat' dir='ltr'><strong>¹quominus</strong></span> 
     </span>
     <span class='ocr_line' id='line_1_3' title="bbox 314 678 1418 746; baseline 0.002 -2"><span class='ocrx_word' id='word_1_13' title='bbox 314 678 518 744; x_wconf 76' lang='lat' dir='ltr'><strong>Plutarchum</strong></span> <span class='ocrx_word' id='word_1_14' title='bbox 544 678 655 741; x_wconf 90' lang='lat' dir='ltr'><strong>iisdem</strong></span> <span class='ocrx_word' id='word_1_15' title='bbox 678 679 859 742; x_wconf 88' lang='lat' dir='ltr'><strong>auctoribus</strong></span> <span class='ocrx_word' id='word_1_16' title='bbox 883 678 1010 743; x_wconf 89' lang='lat' dir='ltr'><strong>Romuli</strong></span> <span class='ocrx_word' id='word_1_17' title='bbox 1033 702 1083 742; x_wconf 91' lang='lat' dir='ltr'><strong>res</strong></span> <span class='ocrx_word' id='word_1_18' title='bbox 1106 681 1284 744; x_wconf 89' lang='lat' dir='ltr'><strong>narrauisse</strong></span> <span class='ocrx_word' id='word_1_19' title='bbox 1308 683 1418 746; x_wconf 88' lang='lat' dir='ltr'><strong>creda-</strong></span> 
     </span>
     <span class='ocr_line' id='line_1_4' title="bbox 312 778 1420 861; baseline 0.001 -16"><span class='ocrx_word' id='word_1_20' title='bbox 312 804 381 845; x_wconf 90' lang='lat' dir='ltr'><strong>mus</strong></span> <span class='ocrx_word' id='word_1_21' title='bbox 414 785 508 860; x_wconf 88' lang='lat' dir='ltr'><strong>atque</strong></span> <span class='ocrx_word' id='word_1_22' title='bbox 542 778 725 842; x_wconf 81' lang='lat' dir='ltr'><strong>Ciceronem</strong></span> <span class='ocrx_word' id='word_1_23' title='bbox 760 779 956 861; x_wconf 88' lang='lat' dir='ltr'><strong>Liuiumque.</strong></span> <span class='ocrx_word' id='word_1_24' title='bbox 1002 780 1237 845; x_wconf 77' lang='lat' dir='ltr'><strong>Existimabam</strong></span> <span class='ocrx_word' id='word_1_25' title='bbox 1263 788 1336 846; x_wconf 87' lang='lat' dir='ltr'><strong>ante</strong></span> <span class='ocrx_word' id='word_1_26' title='bbox 1359 784 1420 846; x_wconf 90' lang='lat' dir='ltr'><strong>uiri</strong></span> 
     </span>
     <span class='ocr_line' id='line_1_5' title="bbox 313 869 1421 965; baseline 0.002 -19"><span class='ocrx_word' id='word_1_27' title='bbox 313 883 398 946; x_wconf 87' lang='lat' dir='ltr'><strong>docti</strong></span> <span class='ocrx_word' id='word_1_28' title='bbox 430 881 596 962; x_wconf 81' lang='lat' dir='ltr'><strong>patriciam</strong></span> <span class='ocrx_word' id='word_1_29' title='bbox 630 886 757 944; x_wconf 87' lang='lat' dir='ltr'><strong>senatus</strong></span> <span class='ocrx_word' id='word_1_30' title='bbox 791 886 914 962; x_wconf 90' lang='lat' dir='ltr'><strong>partem</strong></span> <span class='ocrx_word' id='word_1_31' title='bbox 947 903 1072 964; x_wconf 83' lang='lat' dir='ltr'><strong>semper</strong></span> <span class='ocrx_word' id='word_1_32' title='bbox 1094 889 1207 965; x_wconf 78' lang='lat' dir='ltr'><strong>potres</strong></span> <span class='ocrx_word' id='word_1_33' title='bbox 1229 869 1421 965; x_wconf 78' lang='lat' dir='ltr'><strong>appellatam</strong></span> 
     </span>
     <span class='ocr_line' id='line_1_6' title="bbox 313 980 1420 1050; baseline 0.002 -2"><span class='ocrx_word' id='word_1_34' title='bbox 313 1005 391 1048; x_wconf 88' lang='lat' dir='ltr'><strong>esse.</strong></span> <span class='ocrx_word' id='word_1_35' title='bbox 436 980 498 1044; x_wconf 83' lang='lat' dir='ltr'><strong>Sed</strong></span> <span class='ocrx_word' id='word_1_36' title='bbox 529 981 589 1045; x_wconf 90' lang='lat' dir='ltr'><strong>hoc</strong></span> <span class='ocrx_word' id='word_1_37' title='bbox 621 1004 684 1045; x_wconf 90' lang='lat' dir='ltr'><strong>non</strong></span> <span class='ocrx_word' id='word_1_38' title='bbox 715 983 760 1045; x_wconf 86' lang='lat' dir='ltr'><strong>ita</strong></span> <span class='ocrx_word' id='word_1_39' title='bbox 782 983 879 1046; x_wconf 89' lang='lat' dir='ltr'><strong>fuisse</strong></span> <span class='ocrx_word' id='word_1_40' title='bbox 903 983 1042 1046; x_wconf 91' lang='lat' dir='ltr'><strong>ostendit</strong></span> <span class='ocrx_word' id='word_1_41' title='bbox 1064 983 1104 1046; x_wconf 93' lang='lat' dir='ltr'><strong>H.</strong></span> <span class='ocrx_word' id='word_1_42' title='bbox 1129 983 1332 1049; x_wconf 82' lang='lat' dir='ltr'><strong>Christensen</strong></span> <span class='ocrx_word' id='word_1_43' title='bbox 1356 987 1420 1050; x_wconf 88' lang='lat' dir='ltr'><strong>dis-</strong></span> 
     </span>
     <span class='ocr_line' id='line_1_7' title="bbox 313 1083 1422 1169; baseline 0.001 -20"><span class='ocrx_word' id='word_1_44' title='bbox 313 1084 495 1168; x_wconf 87' lang='lat' dir='ltr'><strong>sertatione,</strong></span> <span class='ocrx_word' id='word_1_45' title='bbox 527 1105 607 1162; x_wconf 92' lang='lat' dir='ltr'><strong>quae</strong></span> <span class='ocrx_word' id='word_1_46' title='bbox 641 1083 839 1146; x_wconf 76' lang='lat' dir='ltr'><strong>inscribitur:</strong></span> <span class='ocrx_word' id='word_1_47' title='bbox 870 1083 930 1146; x_wconf 92' lang='lat' dir='ltr'><strong>Die</strong></span> <span class='ocrx_word' id='word_1_48' title='bbox 962 1085 1204 1165; x_wconf 75' lang='lat' dir='ltr'><strong>ursprtingliohe</strong></span> <span class='ocrx_word' id='word_1_49' title='bbox 1233 1085 1422 1169; x_wconf 88' lang='lat' dir='ltr'><strong>Bedeutung</strong></span> 
     </span>
     <span class='ocr_line' id='line_1_8' title="bbox 259 1182 1421 1272; baseline 0.001 -22"><span class='ocrx_word' id='word_1_50' title='bbox 259 1229 261 1232; x_wconf 79' lang='lat'><em>.</em></span> <span class='ocrx_word' id='word_1_51' title='bbox 314 1188 368 1250; x_wconf 90' lang='lat' dir='ltr'><strong>der</strong></span> <span class='ocrx_word' id='word_1_52' title='bbox 399 1185 555 1268; x_wconf 88' lang='lat' dir='ltr'><strong>patricii¹.</strong></span> <span class='ocrx_word' id='word_1_53' title='bbox 600 1182 665 1247; x_wconf 89' lang='lat' dir='ltr'><strong>Ubi</strong></span> <span class='ocrx_word' id='word_1_54' title='bbox 696 1191 805 1248; x_wconf 88' lang='lat' dir='ltr'><strong>monet</strong></span> <span class='ocrx_word' id='word_1_55' title='bbox 826 1193 935 1267; x_wconf 79' lang='lat' dir='ltr'><strong>potres</strong></span> <span class='ocrx_word' id='word_1_56' title='bbox 957 1185 1012 1248; x_wconf 94' lang='lat' dir='ltr'><strong>illo</strong></span> <span class='ocrx_word' id='word_1_57' title='bbox 1036 1207 1128 1249; x_wconf 89' lang='lat' dir='ltr'><strong>sensu</strong></span> <span class='ocrx_word' id='word_1_58' title='bbox 1150 1187 1288 1267; x_wconf 91' lang='lat' dir='ltr'><strong>positum</strong></span> <span class='ocrx_word' id='word_1_59' title='bbox 1312 1190 1421 1272; x_wconf 86' lang='lat' dir='ltr'><strong>singu·</strong></span> 
     </span>
     <span class='ocr_line' id='line_1_9' title="bbox 313 1286 1423 1367; baseline 0 -16"><span class='ocrx_word' id='word_1_60' title='bbox 313 1288 373 1351; x_wconf 89' lang='lat' dir='ltr'><strong>lari</strong></span> <span class='ocrx_word' id='word_1_61' title='bbox 396 1307 526 1350; x_wconf 90' lang='lat' dir='ltr'><strong>numero</strong></span> <span class='ocrx_word' id='word_1_62' title='bbox 549 1306 670 1360; x_wconf 87' lang='lat' dir='ltr'><strong>carere;</strong></span> <span class='ocrx_word' id='word_1_63' title='bbox 695 1286 720 1348; x_wconf 90' lang='lat' dir='ltr'><strong>si</strong></span> <span class='ocrx_word' id='word_1_64' title='bbox 745 1308 823 1366; x_wconf 92' lang='lat' dir='ltr'><strong>opus</strong></span> <span class='ocrx_word' id='word_1_65' title='bbox 847 1290 930 1349; x_wconf 89' lang='lat' dir='ltr'><strong>esset</strong></span> <span class='ocrx_word' id='word_1_66' title='bbox 953 1286 1105 1367; x_wconf 82' lang='lat' dir='ltr'><strong>singulari</strong></span> <span class='ocrx_word' id='word_1_67' title='bbox 1128 1310 1267 1364; x_wconf 82' lang='lat' dir='ltr'><strong>numero,</strong></span> <span class='ocrx_word' id='word_1_68' title='bbox 1290 1311 1423 1351; x_wconf 77' lang='grc' dir='ltr'>αντατκο</span> 
     </span>
     <span class='ocr_line' id='line_1_10' title="bbox 311 1387 1422 1473; baseline 0 -21"><span class='ocrx_word' id='word_1_69' title='bbox 311 1397 442 1473; x_wconf 68' lang='lat' dir='ltr'><strong>[rutrum</strong></span> <span class='ocrx_word' id='word_1_70' title='bbox 474 1399 604 1448; x_wconf 69' lang='lat' dir='ltr'><strong>rectinero</strong></span> <span class='ocrx_word' id='word_1_71' title='bbox 636 1390 690 1448; x_wconf 86' lang='lat' dir='ltr'><strong>aut</strong></span> <span class='ocrx_word' id='word_1_72' title='bbox 717 1391 824 1448; x_wconf 82' lang='lat' dir='ltr'><strong>airum</strong></span> <span class='ocrx_word' id='word_1_73' title='bbox 845 1389 1023 1470; x_wconf 67' lang='lat' dir='ltr'><strong>patriciam</strong></span> <span class='ocrx_word' id='word_1_74' title='bbox 1043 1393 1101 1450; x_wconf 80' lang='lat' dir='ltr'><strong>aut</strong></span> <span class='ocrx_word' id='word_1_75' title='bbox 1124 1387 1225 1450; x_wconf 91' lang='lat' dir='ltr'><strong>solum</strong></span> <span class='ocrx_word' id='word_1_76' title='bbox 1242 1392 1422 1472; x_wconf 79' lang='lat' dir='ltr'><strong>patricium</strong></span> 
     </span>
     <span class='ocr_line' id='line_1_11' title="bbox 314 1485 1423 1571; baseline 0 -18"><span class='ocrx_word' id='word_1_77' title='bbox 314 1488 455 1571; x_wconf 84' lang='lat' dir='ltr'><strong>singulos</strong></span> <span class='ocrx_word' id='word_1_78' title='bbox 487 1485 690 1568; x_wconf 64' lang='lat' dir='ltr'><strong>appdlaades</strong></span> <span class='ocrx_word' id='word_1_79' title='bbox 717 1486 828 1550; x_wconf 78' lang='lat' dir='ltr'><strong>fuisse.</strong></span> <span class='ocrx_word' id='word_1_80' title='bbox 879 1485 985 1568; x_wconf 85' lang='lat' dir='ltr'><strong>Atque</strong></span> <span class='ocrx_word' id='word_1_81' title='bbox 1019 1488 1186 1552; x_wconf 89' lang='lat' dir='ltr'><strong>nonnullos</strong></span> <span class='ocrx_word' id='word_1_82' title='bbox 1220 1490 1423 1570; x_wconf 88' lang='lat' dir='ltr'><strong>antiquorum</strong></span> 
     </span>
     <span class='ocr_line' id='line_1_12' title="bbox 315 1588 1423 1671; baseline 0 -16"><span class='ocrx_word' id='word_1_83' title='bbox 315 1592 503 1671; x_wconf 89' lang='lat' dir='ltr'><strong>scriptorum</strong></span> <span class='ocrx_word' id='word_1_84' title='bbox 532 1588 619 1651; x_wconf 90' lang='lat' dir='ltr'><strong>locos</strong></span> <span class='ocrx_word' id='word_1_85' title='bbox 643 1588 745 1664; x_wconf 88' lang='lat' dir='ltr'><strong>affert,</strong></span> <span class='ocrx_word' id='word_1_86' title='bbox 769 1588 882 1668; x_wconf 93' lang='lat' dir='ltr'><strong>quibus</strong></span> <span class='ocrx_word' id='word_1_87' title='bbox 900 1591 1117 1671; x_wconf 76' lang='lat' dir='ltr'><strong>patriciorum</strong></span> <span class='ocrx_word' id='word_1_88' title='bbox 1140 1589 1176 1652; x_wconf 90' lang='lat' dir='ltr'><strong>fit</strong></span> <span class='ocrx_word' id='word_1_89' title='bbox 1200 1591 1327 1667; x_wconf 88' lang='lat' dir='ltr'><strong>mentio,</strong></span> <span class='ocrx_word' id='word_1_90' title='bbox 1352 1614 1423 1655; x_wconf 91' lang='lat' dir='ltr'><strong>cum</strong></span> 
     </span>
     <span class='ocr_line' id='line_1_13' title="bbox 305 1689 1424 1773; baseline 0.001 -18"><span class='ocrx_word' id='word_1_91' title='bbox 305 1694 353 1756; x_wconf 92' lang='lat' dir='ltr'><strong>-de</strong></span> <span class='ocrx_word' id='word_1_92' title='bbox 383 1691 422 1753; x_wconf 91' lang='lat' dir='ltr'><strong>iis</strong></span> <span class='ocrx_word' id='word_1_93' title='bbox 451 1691 545 1752; x_wconf 89' lang='lat' dir='ltr'><strong>rebus</strong></span> <span class='ocrx_word' id='word_1_94' title='bbox 573 1690 687 1770; x_wconf 88' lang='lat' dir='ltr'><strong>agitur,</strong></span> <span class='ocrx_word' id='word_1_95' title='bbox 716 1712 796 1769; x_wconf 89' lang='lat' dir='ltr'><strong>quae</strong></span> <span class='ocrx_word' id='word_1_96' title='bbox 819 1690 985 1752; x_wconf 81' lang='lat' dir='ltr'><strong>usitatiore</strong></span> <span class='ocrx_word' id='word_1_97' title='bbox 1007 1689 1156 1770; x_wconf 89' lang='lat' dir='ltr'><strong>loquendi</strong></span> <span class='ocrx_word' id='word_1_98' title='bbox 1180 1693 1272 1755; x_wconf 92' lang='lat' dir='ltr'><strong>modo</strong></span> <span class='ocrx_word' id='word_1_99' title='bbox 1295 1698 1424 1773; x_wconf 88' lang='lat' dir='ltr'><strong>patrum</strong></span> 
     </span>
     <span class='ocr_line' id='line_1_14' title="bbox 315 1791 1425 1875; baseline 0 -19"><span class='ocrx_word' id='word_1_100' title='bbox 315 1815 408 1856; x_wconf 87' lang='lat' dir='ltr'><strong>curae</strong></span> <span class='ocrx_word' id='word_1_101' title='bbox 442 1791 628 1854; x_wconf 87' lang='lat' dir='ltr'><strong>commissae</strong></span> <span class='ocrx_word' id='word_1_102' title='bbox 661 1792 780 1853; x_wconf 87' lang='lat' dir='ltr'><strong>fuerint</strong></span> <span class='ocrx_word' id='word_1_103' title='bbox 808 1830 844 1837; x_wconf 91' lang='lat'>-</span> <span class='ocrx_word' id='word_1_104' title='bbox 872 1792 910 1854; x_wconf 89' lang='lat' dir='ltr'><strong>de</strong></span> <span class='ocrx_word' id='word_1_105' title='bbox 943 1793 1126 1873; x_wconf 85' lang='lat' dir='ltr'><strong>interregno</strong></span> <span class='ocrx_word' id='word_1_106' title='bbox 1162 1797 1193 1855; x_wconf 93' lang='lat' dir='ltr'><strong>et</strong></span> <span class='ocrx_word' id='word_1_107' title='bbox 1226 1794 1264 1855; x_wconf 91' lang='lat' dir='ltr'><strong>de</strong></span> <span class='ocrx_word' id='word_1_108' title='bbox 1297 1800 1425 1875; x_wconf 89' lang='lat' dir='ltr'><strong>patrum</strong></span> 
     </span>
     <span class='ocr_line' id='line_1_15' title="bbox 315 1891 1426 1976; baseline 0 -18"><span class='ocrx_word' id='word_1_109' title='bbox 315 1895 513 1958; x_wconf 87' lang='lat' dir='ltr'><strong>auctoritate.</strong></span> <span class='ocrx_word' id='word_1_110' title='bbox 562 1891 705 1955; x_wconf 80' lang='lat' dir='ltr'><strong>Eandem</strong></span> <span class='ocrx_word' id='word_1_111' title='bbox 737 1893 804 1955; x_wconf 82' lang='lat' dir='ltr'><strong>fere</strong></span> <span class='ocrx_word' id='word_1_112' title='bbox 838 1893 1054 1955; x_wconf 89' lang='lat' dir='ltr'><strong>diuersitatem</strong></span> <span class='ocrx_word' id='word_1_113' title='bbox 1087 1894 1170 1956; x_wconf 89' lang='lat' dir='ltr'><strong>inter</strong></span> <span class='ocrx_word' id='word_1_114' title='bbox 1201 1897 1359 1976; x_wconf 78' lang='lat' dir='ltr'><strong>patricios</strong></span> <span class='ocrx_word' id='word_1_115' title='bbox 1395 1905 1426 1958; x_wconf 91' lang='lat' dir='ltr'><strong>et</strong></span> 
     </span>
     <span class='ocr_line' id='line_1_16' title="bbox 313 1993 1433 2079; baseline 0.001 -21"><span class='ocrx_word' id='word_1_116' title='bbox 313 2003 423 2079; x_wconf 73' lang='lat' dir='ltr'><strong>putres</strong></span> <span class='ocrx_word' id='word_1_117' title='bbox 454 1995 557 2074; x_wconf 93' lang='lat' dir='ltr'><strong>primo</strong></span> <span class='ocrx_word' id='word_1_118' title='bbox 591 1993 688 2056; x_wconf 87' lang='lat' dir='ltr'><strong>fuisse</strong></span> <span class='ocrx_word' id='word_1_119' title='bbox 722 1998 823 2074; x_wconf 88' lang='lat' dir='ltr'><strong>putat,</strong></span> <span class='ocrx_word' id='word_1_120' title='bbox 858 2015 937 2073; x_wconf 89' lang='lat' dir='ltr'><strong>quae</strong></span> <span class='ocrx_word' id='word_1_121' title='bbox 968 1998 1080 2074; x_wconf 90' lang='lat' dir='ltr'><strong>postea</strong></span> <span class='ocrx_word' id='word_1_122' title='bbox 1102 1994 1185 2057; x_wconf 91' lang='lat' dir='ltr'><strong>inter</strong></span> <span class='ocrx_word' id='word_1_123' title='bbox 1208 2003 1370 2059; x_wconf 78' lang='lat' dir='ltr'><strong>senatores</strong></span> <span class='ocrx_word' id='word_1_124' title='bbox 1395 2003 1433 2059; x_wconf 88' lang='lat' dir='ltr'><strong>et</strong></span> 
     </span>
     <span class='ocr_line' id='line_1_17' title="bbox 315 2094 1426 2168; baseline 0.002 -9"><span class='ocrx_word' id='word_1_125' title='bbox 315 2104 457 2160; x_wconf 72' lang='lat' dir='ltr'><strong>scaritum</strong></span> <span class='ocrx_word' id='word_1_126' title='bbox 489 2095 559 2158; x_wconf 87' lang='lat' dir='ltr'><strong>fuit.</strong></span> <span class='ocrx_word' id='word_1_127' title='bbox 605 2094 708 2168; x_wconf 81' lang='lat' dir='ltr'><strong>Quare</strong></span> <span class='ocrx_word' id='word_1_128' title='bbox 739 2095 945 2158; x_wconf 85' lang='lat' dir='ltr'><strong>Plutarchum</strong></span> <span class='ocrx_word' id='word_1_129' title='bbox 977 2117 1039 2158; x_wconf 90' lang='lat' dir='ltr'><strong>uon</strong></span> <span class='ocrx_word' id='word_1_130' title='bbox 1063 2095 1143 2158; x_wconf 89' lang='lat' dir='ltr'><strong>male</strong></span> <span class='ocrx_word' id='word_1_131' title='bbox 1167 2117 1234 2158; x_wconf 91' lang='lat' dir='ltr'><strong>rem</strong></span> <span class='ocrx_word' id='word_1_132' title='bbox 1258 2097 1426 2161; x_wconf 87' lang='lat' dir='ltr'><strong>denotasse</strong></span> 
     </span>
     <span class='ocr_line' id='line_1_18' title="bbox 316 2192 1457 2280; baseline 0 -21"><span class='ocrx_word' id='word_1_133' title='bbox 316 2197 486 2272; x_wconf 85' lang='lat' dir='ltr'><strong>existimat,</strong></span> <span class='ocrx_word' id='word_1_134' title='bbox 515 2218 584 2258; x_wconf 87' lang='lat' dir='ltr'><strong>cum</strong></span> <span class='ocrx_word' id='word_1_135' title='bbox 607 2197 738 2258; x_wconf 86' lang='lat' dir='ltr'><strong>diceret:</strong></span> <span class='ocrx_word' id='word_1_136' title='bbox 763 2192 871 2264; x_wconf 74' lang='grc' dir='ltr'>αὐτοὺς</span> <span class='ocrx_word' id='word_1_137' title='bbox 894 2198 946 2277; x_wconf 83' lang='grc' dir='ltr'><strong>μὲν</strong></span> <span class='ocrx_word' id='word_1_138' title='bbox 968 2199 1151 2276; x_wconf 76' lang='grc' dir='ltr'>πατρικίους,</span> <span class='ocrx_word' id='word_1_139' title='bbox 1176 2198 1207 2256; x_wconf 88' lang='grc' dir='ltr'><strong>τὸ</strong></span> <span class='ocrx_word' id='word_1_140' title='bbox 1232 2195 1263 2257; x_wconf 83' lang='grc' dir='ltr'><strong>δὲ</strong></span> <span class='ocrx_word' id='word_1_141' title='bbox 1286 2199 1427 2280; x_wconf 62' lang='lat' dir='ltr'><strong>obernum</strong></span> <span class='ocrx_word' id='word_1_142' title='bbox 1455 2193 1457 2199; x_wconf 69' lang='grc'><strong>’</strong></span> 
     </span>
     <span class='ocr_line' id='line_1_19' title="bbox 317 2291 1427 2378; baseline 0.004 -20"><span class='ocrx_word' id='word_1_143' title='bbox 317 2308 436 2359; x_wconf 83' lang='grc' dir='ltr'>υενᾱτον</span> <span class='ocrx_word' id='word_1_144' title='bbox 467 2291 731 2378; x_wconf 75' lang='grc' dir='ltr'>προυηγόρευυεν.“</span> <span class='ocrx_word' id='word_1_145' title='bbox 757 2296 853 2372; x_wconf 81' lang='lat' dir='ltr'><strong>Quae,</strong></span> <span class='ocrx_word' id='word_1_146' title='bbox 877 2297 989 2376; x_wconf 88' lang='lat' dir='ltr'><strong>inquit,</strong></span> <span class='ocrx_word' id='word_1_147' title='bbox 1012 2296 1150 2378; x_wconf 88' lang='lat' dir='ltr'><strong>perbene</strong></span> <span class='ocrx_word' id='word_1_148' title='bbox 1173 2319 1206 2360; x_wconf 92' lang='lat' dir='ltr'><strong>se</strong></span> <span class='ocrx_word' id='word_1_149' title='bbox 1229 2297 1427 2374; x_wconf 87' lang='lat' dir='ltr'><strong>habuissent,</strong></span> 
     </span>
     <span class='ocr_line' id='line_1_20' title="bbox 317 2397 1429 2480; baseline 0.001 -18"><span class='ocrx_word' id='word_1_150' title='bbox 317 2401 343 2462; x_wconf 92' lang='lat' dir='ltr'><strong>si</strong></span> <span class='ocrx_word' id='word_1_151' title='bbox 365 2422 423 2480; x_wconf 92' lang='lat' dir='ltr'><strong>pro</strong></span> <span class='ocrx_word' id='word_1_152' title='bbox 447 2407 567 2458; x_wconf 82' lang='grc' dir='ltr'>υενᾱτον</span> <span class='ocrx_word' id='word_1_153' title='bbox 590 2399 729 2479; x_wconf 88' lang='lat' dir='ltr'><strong>positum</strong></span> <span class='ocrx_word' id='word_1_154' title='bbox 758 2403 841 2466; x_wconf 85' lang='lat' dir='ltr'><strong>esset</strong></span> <span class='ocrx_word' id='word_1_155' title='bbox 863 2401 1004 2478; x_wconf 79' lang='grc' dir='ltr'><strong>πατέρας.</strong></span> <span class='ocrx_word' id='word_1_156' title='bbox 1048 2397 1136 2479; x_wconf 81' lang='lat' dir='ltr'><strong>Ergo</strong></span> <span class='ocrx_word' id='word_1_157' title='bbox 1160 2421 1239 2478; x_wconf 88' lang='lat' dir='ltr'><strong>quae</strong></span> <span class='ocrx_word' id='word_1_158' title='bbox 1263 2399 1429 2464; x_wconf 88' lang='lat' dir='ltr'><strong>Plutarchi</strong></span> 
     </span>
     <span class='ocr_line' id='line_1_21' title="bbox 316 2498 1427 2579; baseline 0.003 -17"><span class='ocrx_word' id='word_1_159' title='bbox 316 2499 414 2562; x_wconf 88' lang='lat' dir='ltr'><strong>uerba</strong></span> <span class='ocrx_word' id='word_1_160' title='bbox 437 2498 608 2576; x_wconf 79' lang='lat' dir='ltr'><strong>attulimus,</strong></span> <span class='ocrx_word' id='word_1_161' title='bbox 633 2521 695 2561; x_wconf 92' lang='lat' dir='ltr'><strong>non</strong></span> <span class='ocrx_word' id='word_1_162' title='bbox 718 2499 756 2562; x_wconf 89' lang='lat' dir='ltr'><strong>iis</strong></span> <span class='ocrx_word' id='word_1_163' title='bbox 780 2499 939 2562; x_wconf 86' lang='lat' dir='ltr'><strong>contraria</strong></span> <span class='ocrx_word' id='word_1_164' title='bbox 962 2503 1044 2575; x_wconf 76' lang='lat' dir='ltr'><strong>sunt,</strong></span> <span class='ocrx_word' id='word_1_165' title='bbox 1068 2521 1148 2579; x_wconf 91' lang='lat' dir='ltr'><strong>quae</strong></span> <span class='ocrx_word' id='word_1_166' title='bbox 1171 2501 1300 2563; x_wconf 90' lang='lat' dir='ltr'><strong>tradunt</strong></span> <span class='ocrx_word' id='word_1_167' title='bbox 1316 2501 1427 2565; x_wconf 90' lang='lat' dir='ltr'><strong>Liuius</strong></span> 
     </span>
     <span class='ocr_line' id='line_1_22' title="bbox 317 2598 492 2664; baseline -0.017 0"><span class='ocrx_word' id='word_1_168' title='bbox 317 2605 349 2664; x_wconf 86' lang='lat' dir='ltr'><strong>et</strong></span> <span class='ocrx_word' id='word_1_169' title='bbox 372 2598 492 2662; x_wconf 83' lang='lat' dir='ltr'><strong>Cicero</strong></span> 
     </span>
     <span class='ocr_line' id='line_1_23' title="bbox 418 2699 1429 2781; baseline 0.004 -19"><span class='ocrx_word' id='word_1_170' title='bbox 418 2699 485 2763; x_wconf 88' lang='lat' dir='ltr'><strong>lam</strong></span> <span class='ocrx_word' id='word_1_171' title='bbox 508 2702 534 2764; x_wconf 92' lang='lat' dir='ltr'><strong>si</strong></span> <span class='ocrx_word' id='word_1_172' title='bbox 556 2723 614 2764; x_wconf 92' lang='lat' dir='ltr'><strong>nos</strong></span> <span class='ocrx_word' id='word_1_173' title='bbox 637 2701 675 2763; x_wconf 89' lang='lat' dir='ltr'><strong>ad</strong></span> <span class='ocrx_word' id='word_1_174' title='bbox 691 2700 880 2781; x_wconf 88' lang='lat' dir='ltr'><strong>Dionysium</strong></span> <span class='ocrx_word' id='word_1_175' title='bbox 896 2701 1119 2778; x_wconf 78' lang='lat' dir='ltr'><strong>conuertimuS,</strong></span> <span class='ocrx_word' id='word_1_176' title='bbox 1135 2701 1229 2781; x_wconf 89' lang='lat' dir='ltr'><strong>plane</strong></span> <span class='ocrx_word' id='word_1_177' title='bbox 1245 2702 1341 2765; x_wconf 84' lang='lat' dir='ltr'><strong>aliam</strong></span> <span class='ocrx_word' id='word_1_178' title='bbox 1357 2725 1429 2766; x_wconf 90' lang='lat' dir='ltr'><strong>cum</strong></span> 
     </span>
     <span class='ocr_line' id='line_1_24' title="bbox 317 2800 1429 2881; baseline 0.002 -16"><span class='ocrx_word' id='word_1_179' title='bbox 317 2825 355 2866; x_wconf 92' lang='lat' dir='ltr'><strong>eo</strong></span> <span class='ocrx_word' id='word_1_180' title='bbox 378 2823 504 2865; x_wconf 88' lang='lat' dir='ltr'><strong>causam</strong></span> <span class='ocrx_word' id='word_1_181' title='bbox 530 2801 693 2864; x_wconf 87' lang='lat' dir='ltr'><strong>habemus.</strong></span> <span class='ocrx_word' id='word_1_182' title='bbox 738 2800 774 2863; x_wconf 91' lang='lat' dir='ltr'><strong>ld</strong></span> <span class='ocrx_word' id='word_1_183' title='bbox 796 2802 923 2881; x_wconf 90' lang='lat' dir='ltr'><strong>quidem</strong></span> <span class='ocrx_word' id='word_1_184' title='bbox 946 2802 976 2864; x_wconf 90' lang='lat' dir='ltr'><strong>ei</strong></span> <span class='ocrx_word' id='word_1_185' title='bbox 998 2824 1068 2864; x_wconf 89' lang='lat' dir='ltr'><strong>cum</strong></span> <span class='ocrx_word' id='word_1_186' title='bbox 1092 2802 1237 2865; x_wconf 90' lang='lat' dir='ltr'><strong>omnibus</strong></span> <span class='ocrx_word' id='word_1_187' title='bbox 1261 2824 1429 2867; x_wconf 91' lang='lat' dir='ltr'><strong>commune</strong></span> 
     </span>
     <span class='ocr_line' id='line_1_25' title="bbox 318 2902 1429 2984; baseline 0.001 -18"><span class='ocrx_word' id='word_1_188' title='bbox 318 2909 375 2980; x_wconf 88' lang='lat' dir='ltr'><strong>est,</strong></span> <span class='ocrx_word' id='word_1_189' title='bbox 399 2903 483 2983; x_wconf 89' lang='lat' dir='ltr'><strong>quod</strong></span> <span class='ocrx_word' id='word_1_190' title='bbox 506 2902 676 2967; x_wconf 83' lang='lat' dir='ltr'><strong>Romulum</strong></span> <span class='ocrx_word' id='word_1_191' title='bbox 699 2909 805 2983; x_wconf 90' lang='lat' dir='ltr'><strong>patres</strong></span> <span class='ocrx_word' id='word_1_192' title='bbox 829 2925 847 2965; x_wconf 87' lang='lat' dir='ltr'><strong>a</strong></span> <span class='ocrx_word' id='word_1_193' title='bbox 870 2908 976 2965; x_wconf 87' lang='lat' dir='ltr'><strong>cetera</strong></span> <span class='ocrx_word' id='word_1_194' title='bbox 998 2902 1092 2965; x_wconf 91' lang='lat' dir='ltr'><strong>turba</strong></span> <span class='ocrx_word' id='word_1_195' title='bbox 1108 2925 1293 2984; x_wconf 82' lang='lat' dir='ltr'><strong>segregasse</strong></span> <span class='ocrx_word' id='word_1_196' title='bbox 1308 2912 1429 2981; x_wconf 86' lang='lat' dir='ltr'><strong>narrat,</strong></span> 
     </span>
     <span class='ocr_line' id='line_1_26' title="bbox 317 3003 1429 3084; baseline 0.002 -18"><span class='ocrx_word' id='word_1_197' title='bbox 317 3004 377 3066; x_wconf 92' lang='lat' dir='ltr'><strong>hoc</strong></span> <span class='ocrx_word' id='word_1_198' title='bbox 401 3007 505 3066; x_wconf 90' lang='lat' dir='ltr'><strong>autem</strong></span> <span class='ocrx_word' id='word_1_199' title='bbox 529 3004 611 3084; x_wconf 88' lang='lat' dir='ltr'><strong>apud</strong></span> <span class='ocrx_word' id='word_1_200' title='bbox 635 3025 706 3066; x_wconf 91' lang='lat' dir='ltr'><strong>eum</strong></span> <span class='ocrx_word' id='word_1_201' title='bbox 729 3025 846 3066; x_wconf 92' lang='lat' dir='ltr'><strong>nouum</strong></span> <span class='ocrx_word' id='word_1_202' title='bbox 869 3003 1016 3078; x_wconf 68' lang='lat' dir='ltr'><strong>(accurrit,</strong></span> <span class='ocrx_word' id='word_1_203' title='bbox 1041 3003 1124 3082; x_wconf 90' lang='lat' dir='ltr'><strong>quod</strong></span> <span class='ocrx_word' id='word_1_204' title='bbox 1147 3003 1278 3066; x_wconf 89' lang='lat' dir='ltr'><strong>illinon</strong></span> <span class='ocrx_word' id='word_1_205' title='bbox 1302 3027 1360 3084; x_wconf 91' lang='lat' dir='ltr'><strong>pro</strong></span> <span class='ocrx_word' id='word_1_206' title='bbox 1377 3027 1429 3068; x_wconf 88' lang='lat' dir='ltr'><strong>se-</strong></span> 
     </span>
     <span class='ocr_line' id='line_1_27' title="bbox 317 3103 1429 3183; baseline 0.002 -17"><span class='ocrx_word' id='word_1_207' title='bbox 317 3104 482 3167; x_wconf 89' lang='lat' dir='ltr'><strong>natoribus</strong></span> <span class='ocrx_word' id='word_1_208' title='bbox 513 3103 680 3181; x_wconf 88' lang='lat' dir='ltr'><strong>habentur,</strong></span> <span class='ocrx_word' id='word_1_209' title='bbox 708 3105 763 3166; x_wconf 90' lang='lat' dir='ltr'><strong>sed</strong></span> <span class='ocrx_word' id='word_1_210' title='bbox 787 3126 805 3165; x_wconf 92' lang='lat' dir='ltr'><strong>a</strong></span> <span class='ocrx_word' id='word_1_211' title='bbox 827 3125 901 3183; x_wconf 87' lang='lat' dir='ltr'><strong>rege</strong></span> <span class='ocrx_word' id='word_1_212' title='bbox 925 3103 1017 3165; x_wconf 89' lang='lat' dir='ltr'><strong>electi</strong></span> <span class='ocrx_word' id='word_1_213' title='bbox 1041 3104 1196 3179; x_wconf 89' lang='lat' dir='ltr'><strong>dicuntur,</strong></span> <span class='ocrx_word' id='word_1_214' title='bbox 1220 3109 1254 3166; x_wconf 91' lang='lat' dir='ltr'><strong>ut</strong></span> <span class='ocrx_word' id='word_1_215' title='bbox 1276 3104 1429 3168; x_wconf 87' lang='lat' dir='ltr'><strong>nobilita-</strong></span> 
     </span>
     <span class='ocr_line' id='line_1_28' title="bbox 317 3203 1430 3286; baseline 0.003 -19"><span class='ocrx_word' id='word_1_216' title='bbox 317 3206 358 3268; x_wconf 91' lang='lat' dir='ltr'><strong>tis</strong></span> <span class='ocrx_word' id='word_1_217' title='bbox 391 3204 496 3267; x_wconf 89' lang='lat' dir='ltr'><strong>locum</strong></span> <span class='ocrx_word' id='word_1_218' title='bbox 527 3209 673 3268; x_wconf 88' lang='lat' dir='ltr'><strong>tenerent</strong></span> <span class='ocrx_word' id='word_1_219' title='bbox 704 3209 736 3266; x_wconf 92' lang='lat' dir='ltr'><strong>et</strong></span> <span class='ocrx_word' id='word_1_220' title='bbox 767 3226 838 3266; x_wconf 92' lang='lat' dir='ltr'><strong>cum</strong></span> <span class='ocrx_word' id='word_1_221' title='bbox 868 3204 923 3266; x_wconf 96' lang='lat' dir='ltr'><strong>illo</strong></span> <span class='ocrx_word' id='word_1_222' title='bbox 955 3203 1089 3284; x_wconf 89' lang='lat' dir='ltr'><strong>publicis</strong></span> <span class='ocrx_word' id='word_1_223' title='bbox 1118 3204 1212 3266; x_wconf 90' lang='lat' dir='ltr'><strong>rebus</strong></span> <span class='ocrx_word' id='word_1_224' title='bbox 1235 3212 1430 3286; x_wconf 84' lang='lat' dir='ltr'><strong>praeessent.</strong></span> 
     </span>
     <span class='ocr_line' id='line_1_29' title="bbox 318 3305 1430 3388; baseline 0.003 -20"><span class='ocrx_word' id='word_1_225' title='bbox 318 3306 434 3368; x_wconf 89' lang='lat' dir='ltr'><strong>Postea</strong></span> <span class='ocrx_word' id='word_1_226' title='bbox 471 3328 527 3368; x_wconf 88' lang='lat' dir='ltr'><strong>suo</strong></span> <span class='ocrx_word' id='word_1_227' title='bbox 563 3305 644 3382; x_wconf 93' lang='lat' dir='ltr'><strong>loco,</strong></span> <span class='ocrx_word' id='word_1_228' title='bbox 679 3305 837 3385; x_wconf 87' lang='lat' dir='ltr'><strong>quomodo</strong></span> <span class='ocrx_word' id='word_1_229' title='bbox 871 3309 998 3368; x_wconf 90' lang='lat' dir='ltr'><strong>senatus</strong></span> <span class='ocrx_word' id='word_1_230' title='bbox 1034 3310 1121 3367; x_wconf 90' lang='lat' dir='ltr'><strong>ortus</strong></span> <span class='ocrx_word' id='word_1_231' title='bbox 1156 3306 1206 3383; x_wconf 89' lang='lat' dir='ltr'><strong>sit,</strong></span> <span class='ocrx_word' id='word_1_232' title='bbox 1242 3307 1430 3388; x_wconf 85' lang='lat' dir='ltr'><strong>explicatur,</strong></span> 
     </span>
     <span class='ocr_line' id='line_1_30' title="bbox 318 3401 1498 3488; baseline 0.002 -18"><span class='ocrx_word' id='word_1_233' title='bbox 318 3429 411 3488; x_wconf 90' lang='lat' dir='ltr'><strong>quem</strong></span> <span class='ocrx_word' id='word_1_234' title='bbox 434 3406 587 3470; x_wconf 90' lang='lat' dir='ltr'><strong>Romulus</strong></span> <span class='ocrx_word' id='word_1_235' title='bbox 611 3409 655 3470; x_wconf 91' lang='lat' dir='ltr'><strong>ita</strong></span> <span class='ocrx_word' id='word_1_236' title='bbox 678 3407 892 3487; x_wconf 87' lang='lat' dir='ltr'><strong>composuisse</strong></span> <span class='ocrx_word' id='word_1_237' title='bbox 916 3406 1040 3484; x_wconf 89' lang='lat' dir='ltr'><strong>dicitur,</strong></span> <span class='ocrx_word' id='word_1_238' title='bbox 1064 3411 1099 3469; x_wconf 92' lang='lat' dir='ltr'><strong>ut</strong></span> <span class='ocrx_word' id='word_1_239' title='bbox 1122 3412 1247 3470; x_wconf 88' lang='lat' dir='ltr'><strong>centum</strong></span> <span class='ocrx_word' id='word_1_240' title='bbox 1263 3409 1323 3470; x_wconf 89' lang='lat' dir='ltr'><strong>uiri</strong></span> <span class='ocrx_word' id='word_1_241' title='bbox 1339 3409 1430 3472; x_wconf 91' lang='lat' dir='ltr'><strong>miri·</strong></span> <span class='ocrx_word' id='word_1_242' title='bbox 1497 3401 1498 3420; x_wconf 54' lang='lat'>¹</span> 
     </span>
     <span class='ocr_line' id='line_1_31' title="bbox 317 3508 1430 3589; baseline 0.001 -18"><span class='ocrx_word' id='word_1_243' title='bbox 317 3510 377 3572; x_wconf 91' lang='lat' dir='ltr'><strong>fico</strong></span> <span class='ocrx_word' id='word_1_244' title='bbox 412 3509 506 3572; x_wconf 94' lang='lat' dir='ltr'><strong>modo</strong></span> <span class='ocrx_word' id='word_1_245' title='bbox 540 3530 555 3570; x_wconf 90' lang='lat' dir='ltr'><strong>e</strong></span> <span class='ocrx_word' id='word_1_246' title='bbox 586 3508 793 3588; x_wconf 90' lang='lat' dir='ltr'><strong>patriciorum</strong></span> <span class='ocrx_word' id='word_1_247' title='bbox 827 3530 958 3571; x_wconf 89' lang='lat' dir='ltr'><strong>numero</strong></span> <span class='ocrx_word' id='word_1_248' title='bbox 992 3508 1175 3588; x_wconf 89' lang='lat' dir='ltr'><strong>legerentur</strong></span> <span class='ocrx_word' id='word_1_249' title='bbox 1207 3508 1240 3587; x_wconf 89' lang='lat' dir='ltr'><strong>(l.</strong></span> <span class='ocrx_word' id='word_1_250' title='bbox 1264 3508 1283 3571; x_wconf 94' lang='lat' dir='ltr'><strong>l.</strong></span> <span class='ocrx_word' id='word_1_251' title='bbox 1309 3531 1334 3572; x_wconf 86' lang='lat' dir='ltr'><strong>c.</strong></span> <span class='ocrx_word' id='word_1_252' title='bbox 1367 3510 1430 3589; x_wconf 76' lang='lat'>12).</span> 
     </span>
     <span class='ocr_line' id='line_1_32' title="bbox 318 3609 1430 3689; baseline 0 -15"><span class='ocrx_word' id='word_1_253' title='bbox 318 3611 404 3686; x_wconf 78' lang='lat' dir='ltr'><strong>Quae</strong></span> <span class='ocrx_word' id='word_1_254' title='bbox 428 3611 534 3674; x_wconf 88' lang='lat' dir='ltr'><strong>omnia</strong></span> <span class='ocrx_word' id='word_1_255' title='bbox 557 3632 627 3672; x_wconf 90' lang='lat' dir='ltr'><strong>cum</strong></span> <span class='ocrx_word' id='word_1_256' title='bbox 652 3632 670 3671; x_wconf 93' lang='lat' dir='ltr'><strong>a</strong></span> <span class='ocrx_word' id='word_1_257' title='bbox 692 3609 820 3672; x_wconf 85' lang='lat' dir='ltr'><strong>Romuli</strong></span> <span class='ocrx_word' id='word_1_258' title='bbox 842 3609 960 3686; x_wconf 84' lang='lat' dir='ltr'><strong>fabula,</strong></span> <span class='ocrx_word' id='word_1_259' title='bbox 984 3613 1019 3672; x_wconf 88' lang='lat' dir='ltr'><strong>ut</strong></span> <span class='ocrx_word' id='word_1_260' title='bbox 1041 3609 1228 3689; x_wconf 89' lang='lat' dir='ltr'><strong>plerumque</strong></span> <span class='ocrx_word' id='word_1_261' title='bbox 1251 3610 1430 3686; x_wconf 84' lang='lat' dir='ltr'><strong>exhibetur,</strong></span> 
     </span>
     <span class='ocr_line' id='line_1_33' title="bbox 317 3711 1429 3792; baseline 0 -18"><span class='ocrx_word' id='word_1_262' title='bbox 317 3713 443 3792; x_wconf 89' lang='lat' dir='ltr'><strong>penitus</strong></span> <span class='ocrx_word' id='word_1_263' title='bbox 471 3712 628 3787; x_wconf 88' lang='lat' dir='ltr'><strong>differant,</strong></span> <span class='ocrx_word' id='word_1_264' title='bbox 658 3711 830 3790; x_wconf 88' lang='lat' dir='ltr'><strong>quaeritur,</strong></span> <span class='ocrx_word' id='word_1_265' title='bbox 855 3715 959 3772; x_wconf 89' lang='lat' dir='ltr'><strong>utram</strong></span> <span class='ocrx_word' id='word_1_266' title='bbox 981 3711 1195 3773; x_wconf 87' lang='lat' dir='ltr'><strong>narrationem</strong></span> <span class='ocrx_word' id='word_1_267' title='bbox 1219 3711 1429 3791; x_wconf 90' lang='lat' dir='ltr'><strong>antiquiorem</strong></span> 
     </span>
     <span class='ocr_line' id='line_1_34' title="bbox 318 3809 1498 3894; baseline 0 -19"><span class='ocrx_word' id='word_1_268' title='bbox 318 3818 429 3894; x_wconf 87' lang='lat' dir='ltr'><strong>putare</strong></span> <span class='ocrx_word' id='word_1_269' title='bbox 461 3813 640 3875; x_wconf 89' lang='lat' dir='ltr'><strong>debeamus.</strong></span> <span class='ocrx_word' id='word_1_270' title='bbox 685 3810 758 3874; x_wconf 82' lang='lat' dir='ltr'><strong>Sine</strong></span> <span class='ocrx_word' id='word_1_271' title='bbox 793 3811 888 3874; x_wconf 92' lang='lat' dir='ltr'><strong>dubio</strong></span> <span class='ocrx_word' id='word_1_272' title='bbox 923 3809 1094 3887; x_wconf 79' lang='lat' dir='ltr'><strong>Ciceronis,</strong></span> <span class='ocrx_word' id='word_1_273' title='bbox 1128 3811 1222 3888; x_wconf 89' lang='lat' dir='ltr'><strong>Liuii,</strong></span> <span class='ocrx_word' id='word_1_274' title='bbox 1254 3811 1430 3875; x_wconf 89' lang='lat' dir='ltr'><strong>Plutarchi.</strong></span> <span class='ocrx_word' id='word_1_275' title='bbox 1496 3879 1498 3884; x_wconf 60' lang='grc'>,</span> 
     </span>
    </p>
   </div>
   <div class='ocr_carea' id='block_1_3' title="bbox 424 3997 1431 4059">
    <p class='ocr_par' dir='ltr' id='par_1_3' title="bbox 424 3997 1431 4059">
     <span class='ocr_line' id='line_1_35' title="bbox 424 3997 1431 4059; baseline 0 -13"><span class='ocrx_word' id='word_1_276' title='bbox 424 3997 539 4058; x_wconf 84' lang='lat' dir='ltr'><strong>lProgr.</strong></span> <span class='ocrx_word' id='word_1_277' title='bbox 568 4001 669 4046; x_wconf 84' lang='lat' dir='ltr'><strong>Husum</strong></span> <span class='ocrx_word' id='word_1_278' title='bbox 699 4002 770 4046; x_wconf 82' lang='lat'>1876.</span> <span class='ocrx_word' id='word_1_279' title='bbox 807 3999 963 4044; x_wconf 84' lang='lat' dir='ltr'><strong>Plutarchus</strong></span> <span class='ocrx_word' id='word_1_280' title='bbox 989 4000 1045 4058; x_wconf 88' lang='lat' dir='ltr'><strong>ipse</strong></span> <span class='ocrx_word' id='word_1_281' title='bbox 1067 4000 1144 4045; x_wconf 89' lang='lat' dir='ltr'><strong>ambo</strong></span> <span class='ocrx_word' id='word_1_282' title='bbox 1168 4001 1272 4044; x_wconf 81' lang='lat' dir='ltr'><strong>uomina</strong></span> <span class='ocrx_word' id='word_1_283' title='bbox 1294 4002 1351 4059; x_wconf 86' lang='lat' dir='ltr'><strong>pari</strong></span> <span class='ocrx_word' id='word_1_284' title='bbox 1374 4003 1431 4046; x_wconf 91' lang='lat' dir='ltr'><strong>iure</strong></span> 
     </span>
    </p>
   </div>
   <div class='ocr_carea' id='block_1_4' title="bbox 319 4081 1498 4235">
    <p class='ocr_par' dir='ltr' id='par_1_4' title="bbox 319 4081 1498 4235">
     <span class='ocr_line' id='line_1_36' title="bbox 319 4081 1498 4164; baseline 0 -32"><span class='ocrx_word' id='word_1_285' title='bbox 319 4090 447 4145; x_wconf 82' lang='lat' dir='ltr'><strong>usurpata</strong></span> <span class='ocrx_word' id='word_1_286' title='bbox 472 4099 530 4130; x_wconf 88' lang='lat' dir='ltr'><strong>esse</strong></span> <span class='ocrx_word' id='word_1_287' title='bbox 554 4086 687 4130; x_wconf 84' lang='lat' dir='ltr'><strong>contendit</strong></span> <span class='ocrx_word' id='word_1_288' title='bbox 710 4083 744 4141; x_wconf 88' lang='lat' dir='ltr'><strong>(q.</strong></span> <span class='ocrx_word' id='word_1_289' title='bbox 763 4085 792 4128; x_wconf 87' lang='lat' dir='ltr'><strong>R.</strong></span> <span class='ocrx_word' id='word_1_290' title='bbox 813 4083 865 4137; x_wconf 61' lang='lat'><strong>585:</strong></span> <span class='ocrx_word' id='word_1_291' title='bbox 892 4082 951 4140; x_wconf 85' lang='grc' dir='ltr'>τοὺς</span> <span class='ocrx_word' id='word_1_292' title='bbox 975 4083 1020 4148; x_wconf 79' lang='grc' dir='ltr'><strong>μέν</strong></span> <span class='ocrx_word' id='word_1_293' title='bbox 1039 4081 1065 4141; x_wconf 77' lang='grc' dir='ltr'><strong>ἐξ</strong></span> <span class='ocrx_word' id='word_1_294' title='bbox 1084 4081 1174 4151; x_wconf 74' lang='grc' dir='ltr'>ἀρχῆς</span> <span class='ocrx_word' id='word_1_295' title='bbox 1194 4082 1431 4151; x_wconf 74' lang='grc' dir='ltr'>κατανεμηθέντας</span> <span class='ocrx_word' id='word_1_296' title='bbox 1497 4117 1498 4164; x_wconf 57' lang='grc' dir='ltr'>ρ</span> 
     </span>
     <span class='ocr_line' id='line_1_37' title="bbox 321 4157 1498 4235; baseline -0.003 -17"><span class='ocrx_word' id='word_1_297' title='bbox 321 4167 368 4218; x_wconf 73' lang='grc' dir='ltr'><strong>ὑπὸ</strong></span> <span class='ocrx_word' id='word_1_298' title='bbox 387 4175 432 4218; x_wconf 82' lang='grc' dir='ltr'><strong>τοῦ</strong></span> <span class='ocrx_word' id='word_1_299' title='bbox 451 4164 589 4235; x_wconf 76' lang='grc' dir='ltr'>Ῥωμύλου</span> <span class='ocrx_word' id='word_1_300' title='bbox 608 4166 723 4235; x_wconf 76' lang='grc' dir='ltr'>πατέρας</span> <span class='ocrx_word' id='word_1_301' title='bbox 743 4163 853 4215; x_wconf 69' lang='grc' dir='ltr'>ἐκάλουν</span> <span class='ocrx_word' id='word_1_302' title='bbox 872 4165 916 4215; x_wconf 83' lang='grc' dir='ltr'>καὶ</span> <span class='ocrx_word' id='word_1_303' title='bbox 930 4164 1091 4234; x_wconf 71' lang='grc' dir='ltr'>πατρικίους,</span> <span class='ocrx_word' id='word_1_304' title='bbox 1107 4157 1160 4216; x_wconf 77' lang='grc' dir='ltr'>οἷον</span> <span class='ocrx_word' id='word_1_305' title='bbox 1175 4163 1330 4234; x_wconf 71' lang='grc' dir='ltr'>εὐπατρίδας</span> <span class='ocrx_word' id='word_1_306' title='bbox 1345 4163 1431 4227; x_wconf 72' lang='grc' dir='ltr'>ὄντας,</span> <span class='ocrx_word' id='word_1_307' title='bbox 1497 4189 1498 4234; x_wconf 55' lang='lat'>3</span> 
     </span>
    </p>
   </div>
   <div class='ocr_carea' id='block_1_5' title="bbox 321 4247 838 4322">
    <p class='ocr_par' dir='ltr' id='par_1_5' title="bbox 321 4247 838 4322">
     <span class='ocr_line' id='line_1_38' title="bbox 321 4247 838 4322; baseline -0.008 -20"><span class='ocrx_word' id='word_1_308' title='bbox 321 4252 436 4322; x_wconf 86' lang='grc' dir='ltr'>πατέρας</span> <span class='ocrx_word' id='word_1_309' title='bbox 458 4249 543 4301; x_wconf 70' lang='grc' dir='ltr'>αὐτῶν</span> <span class='ocrx_word' id='word_1_310' title='bbox 562 4249 673 4318; x_wconf 80' lang='grc' dir='ltr'>ἔχοντας</span> <span class='ocrx_word' id='word_1_311' title='bbox 693 4247 838 4312; x_wconf 71' lang='grc' dir='ltr'>ἀποδεῖξαι.</span> 
     </span>
    </p>
   </div>
   <div class='ocr_carea' id='block_1_6' title="bbox 0 0 1515 5066">
    <p class='ocr_par' dir='ltr' id='par_1_6' title="bbox 0 0 1515 5066">
     <span class='ocr_line' id='line_1_39' title="bbox 0 0 1515 5066; baseline 0 0"><span class='ocrx_word' id='word_1_312' title='bbox 0 0 1515 5066; x_wconf 95' lang='lat' dir='ltr'><strong> </strong></span> 
     </span>
    </p>
   </div>
  </div>
 </body>
</html>
