3004 5066
530 398 688 451 -31-

63 582 110 625 res
128 597 163 605 -
181 596 218 604 ·-
236 595 274 606 —
291 562 389 623 saeuit.
427 559 470 624 Et
492 560 598 623 nescio
621 583 660 623 an
683 584 741 642 pro
765 561 904 625 eiusdem
927 562 1161 626 controuersiae

62 663 193 744 uestigio
219 662 399 727 habendum
428 663 479 737 sit,
504 663 587 743 quod
610 661 799 743 quibusdam
821 663 911 726 annis
933 663 1011 727 nulli
1034 663 1161 726 omniuo

62 769 150 828 erant
172 764 315 828 consules
338 769 370 827 et
392 764 513 827 tribuni
528 763 663 827 militum
680 763 838 828 consulari
854 768 1013 846 potestate
1025 765 1161 827 instrue-

62 866 182 928 bantur.
226 863 363 929 Omnino
386 866 424 928 de
446 865 507 928 hoc
530 866 702 929 certamine
725 866 792 928 fere
807 865 887 928 nihil
901 866 1073 929 memoriae
1088 887 1162 946 pro-

63 967 160 1030 ditum
191 972 248 1030 est.
293 964 342 1030 lta
373 967 541 1044 nescimus,
572 971 678 1030 utrum
701 967 798 1030 etiam
820 967 852 1030 id
873 967 921 1030 ius
944 967 1163 1049 impugnatum

63 1069 104 1131 sit
133 1090 238 1145 necne,
271 1068 355 1148 quod
377 1068 411 1130 iu
432 1068 612 1132 nominibus
636 1068 874 1132 candidatorum
897 1068 1088 1149 accipiendis
1111 1072 1165 1130 aut

63 1170 224 1233 reiciendis
249 1175 281 1232 et
302 1170 336 1232 in
358 1170 593 1234 renuntiatione
616 1191 735 1246 eorum,
759 1170 813 1251 qui
836 1170 934 1233 creati
950 1170 1164 1250 erant,magi·

63 1275 215 1335 stratuum
255 1271 387 1335 arbitrio
430 1276 496 1336 tam
529 1272 663 1336 multum
694 1272 847 1354 permisit.
906 1269 968 1334 Sed
1004 1272 1089 1352 quod
1126 1271 1165 1333 ad

64 1377 185 1453 patrum
216 1373 439 1437 auctoritatem
469 1374 593 1450 attinet,
616 1374 693 1437 satis
717 1373 880 1455 cognitum
903 1376 960 1450 est,
984 1372 1109 1455 plebem
1132 1395 1166 1435 re

65 1475 228 1538 uictoriam
261 1479 451 1556 reportasse,
486 1479 518 1538 et
550 1475 691 1557 patriciis
725 1475 869 1539 umbram
897 1473 1000 1538 solum
1023 1474 1166 1537 relictam

66 1597 132 1638 esse
162 1576 289 1657 pristini
322 1576 410 1653 iuris,
442 1576 607 1657 siquidem,
639 1598 709 1640 eum
737 1576 815 1640 haec
840 1576 1057 1640 controuersia
1080 1597 1167 1639 com-

66 1683 242 1758 poneretur,
274 1682 427 1741 statutum
460 1683 517 1754 est,
550 1683 585 1742 ut
607 1679 791 1760 priusquam
814 1677 949 1759 populus
980 1677 1166 1757 suffragium

66 1777 166 1855 iniret,
181 1779 213 1842 in
225 1779 381 1842 incertum
395 1779 596 1843 comitiorum
608 1783 757 1864 euentum
768 1784 874 1860 patres
888 1781 1033 1842 auctores
1045 1778 1167 1840 fierent.

162 1879 195 1944 Si
218 1886 304 1943 recte
328 1903 365 1943 ea
386 1880 533 1957 iudicaui,
557 1903 637 1961 quae
660 1904 679 1943 a
701 1880 793 1944 Liuio
817 1881 854 1943 de
874 1878 1016 1961 patriciis
1032 1878 1168 1959 auspici-

68 2003 153 2044 orum
175 1986 207 2045 et
230 1981 355 2062 imperii
377 1981 614 2062 possessoribus
637 1982 755 2045 tradita
778 1986 860 2058 sunt,
882 2003 946 2044 non
963 1980 1004 2043 ob
1021 2001 1169 2042 eamrem

10 2126 14 2134 ·
68 2082 179 2163 plebeii
212 2083 273 2146 uiri
305 2105 323 2145 a
357 2083 522 2146 consulatu
554 2083 725 2146 obtinendo
758 2087 849 2145 erant
872 2082 1001 2158 exclusi,
1025 2081 1108 2161 quod
1131 2081 1170 2142 ad

68 2183 143 2247 tales
173 2183 311 2247 honores
341 2184 496 2265 gerendos
523 2205 652 2265 prorsus
675 2205 740 2247 non
763 2186 868 2246 essent
890 2182 996 2246 idonei
1021 2216 1057 2225 -
1083 2185 1114 2244 et
1136 2185 1171 2244 ut

70 2306 125 2366 ego
147 2286 262 2366 opinor
283 2307 322 2348 ne
346 2285 387 2348 ob
410 2307 480 2348 eam
504 2285 629 2366 quidem
654 2307 790 2360 causam,
815 2285 898 2366 quod
920 2306 978 2366 per
1000 2283 1087 2365 leges
1104 2283 1170 2346 eius

70 2387 189 2466 generis
211 2385 393 2450 hominibus
409 2386 447 2449 ad
466 2386 670 2467 magistratus
687 2386 791 2450 nullus
804 2389 888 2450 esset
900 2407 1044 2449 accessus
1058 2421 1096 2430 -
1113 2384 1169 2446 sed

71 2487 140 2567 quia
161 2493 268 2569 patres
291 2487 481 2551 auctoritate
504 2510 561 2550 sua
583 2491 698 2568 negata
721 2492 775 2551 aut
798 2509 948 2550 concessa
966 2486 1171 2567 magistratus

72 2588 177 2652 alienis
200 2589 351 2666 detinere,
374 2589 438 2652 suis
461 2611 624 2652 reseruare
647 2593 804 2669 poterant.
838 2587 923 2652 Nolo
946 2588 1044 2669 igitur
1060 2609 1172 2650 conce-

1 2731 2 2738 κ
72 2690 150 2767 dere,
178 2690 250 2754 illos
283 2690 367 2754 Liuii
397 2690 494 2767 locoS,
519 2711 597 2770 quos
620 2690 713 2752 modo
737 2690 883 2766 tractaui,
907 2690 946 2751 ad
969 2710 1078 2751 eorum
1101 2710 1171 2750 sen-

72 2793 199 2855 tentiam
223 2792 470 2855 confirmandam
495 2791 666 2871 quidquam
688 2791 805 2868 ualere,
829 2791 883 2871 qui
906 2790 1049 2865 doceant,
1073 2789 1172 2870 patri-

1 2891 2 2930 ³
72 2894 133 2956 cios
156 2893 248 2956 initio
271 2892 355 2956 solos
379 2893 472 2975 plena
495 2892 624 2955 ciuitate
647 2913 720 2956 usos
744 2914 822 2955 esse.

170 3179 220 3242 Ex
242 3179 291 3254 iis,
316 3201 395 3258 quae
419 3179 456 3242 de
473 3179 620 3261 auspiciis
637 3178 805 3260 disputaui,
823 3181 965 3264 apparet,
986 3175 1176 3240 connubium

1 3333 2 3336 ,
74 3280 153 3344 iuter
183 3280 335 3361 patricios
367 3285 398 3343 et
427 3279 553 3360 plebem
575 3303 646 3343 mea
669 3279 827 3343 sententia
849 3301 912 3343 non
936 3318 974 3326 -
998 3283 1033 3342 ut
1056 3278 1100 3341 ait
1122 3278 1176 3340 Li-

74 3384 139 3446 uius
164 3419 201 3426 -
226 3405 245 3444 a
276 3382 463 3445 decemuiris
495 3383 685 3464 diremptum
717 3405 795 3458 esse,
824 3383 908 3462 quod
931 3381 1031 3444 altera
1054 3384 1176 3444 tantum

74 3506 143 3563 pars
167 3483 308 3565 auspicia
330 3482 498 3558 haberet¹3
523 3484 578 3546 sed
601 3485 694 3546 credo
717 3485 801 3546 inter
823 3483 974 3564 patricios
998 3486 1029 3544 et
1051 3481 1177 3562 plebem

75 3585 264 3649 connubium
292 3585 418 3648 illorum
450 3606 525 3648 cura
547 3584 670 3666 legibus
693 3584 889 3665 impeditum,
912 3605 951 3646 ne
974 3583 1108 3664 patricia
1129 3583 1177 3644 iu-

75 3693 185 3751 uentus
207 3685 347 3750 nobilem
370 3708 461 3749 suum
484 3686 670 3767 sanguinem
685 3685 817 3767 plebeiis
834 3689 865 3748 et
880 3683 1178 3767 humilibusymatri-

76 3789 187 3851 moniis
209 3787 399 3868 inquinaret.
445 3785 530 3860 Quos
553 3786 822 3849 nobilissimarum
845 3785 988 3866 gentium
1019 3783 1119 3846 fastus
1145 3788 1180 3846 ut

76 3888 252 3969 intelligere
285 3888 452 3968 possimus,
487 3910 551 3951 non
585 3910 662 3968 opus
695 3891 743 3950 est
775 3890 924 3964 statuere,
947 3885 1098 3967 patricios
1122 3885 1180 3947 ali-

78 3991 199 4069 quando
223 3989 306 4053 solos
331 3990 415 4052 ciues
438 3988 549 4066 fuisse;
574 3989 650 4052 satis
674 4011 783 4052 eorum
806 3987 973 4068 superbiae
996 3986 1180 4067 reliquimus

80 4087 151 4165 lcc'i,
174 4089 201 4152 si
224 4089 391 4170 patriciam
414 4090 603 4171 dignitatem
626 4090 671 4152 ita
692 4089 759 4152 fere
782 4093 885 4152 ortam
900 4093 1057 4170 putamus,
1074 4092 1108 4150 ut
1123 4087 1183 4167 ipsi

178 4225 261 4273 lLiu.
281 4227 315 4272 VI
334 4230 357 4273 6.
393 4226 438 4272 Cfr
456 4227 602 4273 Mommsen
621 4227 659 4274 SR
679 4227 691 4272 I
709 4241 734 4287 p.
755 4229 786 4274 89
806 4228 864 4274 adn.
886 4228 907 4274 1.

152 4328 176 4366 E.
194 4325 296 4366 Staafl.
325 4325 356 4362 De
372 4324 463 4372 origine
478 4325 584 4372 genuum
599 4325 761 4373 patrlclarum.
1102 4329 1115 4371 6
