3004 5066
790 404 947 456 „30-

317 563 492 641 considero,
524 585 577 626 eos
610 564 825 645 compluribus
855 566 957 629 modis
980 566 1080 629 uerba
1096 573 1210 649 putres
1233 571 1265 629 et
1286 569 1424 650 patricii

316 666 519 746 interpretari
542 670 673 729 conatos
697 687 775 729 esse.

417 765 480 830 Sed
509 767 640 848 propius
672 767 916 845 consideremus,
941 769 1016 850 quid
1038 769 1100 832 sibi
1122 769 1222 833 uelint
1243 771 1299 834 illa
1322 771 1424 835 Cincii

317 867 423 932 uerba.
465 866 580 946 Credo,
604 890 712 932 omnes
735 890 789 932 eos
812 869 1012 933 doctissimos
1036 870 1133 947 uiros,
1152 871 1207 951 qui
1221 871 1347 952 plebem
1363 874 1423 936 ali-

317 971 442 1048 quando
476 970 606 1034 ciuitate
640 970 780 1034 caruisse
812 971 935 1048 docent,
967 971 1071 1034 minus
1099 976 1190 1036 caute
1214 973 1326 1054 egisse,
1351 997 1423 1038 cum

315 1073 381 1149 illa,
413 1093 557 1153 quaeque
588 1093 627 1134 ex
654 1071 717 1134 illis
740 1071 869 1136 fluxisse
893 1072 1051 1150 uidentur,
1074 1073 1249 1137 testimonii
1271 1075 1343 1138 loco
1366 1079 1422 1139 ad·

316 1173 471 1238 hibereut.
516 1171 600 1237 Nam
630 1173 699 1236 fieri
726 1177 842 1254 potest,
865 1179 901 1238 ut
924 1173 1051 1238 Cincius
1074 1175 1112 1238 de
1134 1176 1173 1238 iis
1196 1175 1299 1239 solum
1321 1179 1423 1260 patri-

317 1275 373 1340 ciis
401 1275 527 1339 locutus
558 1275 609 1351 sit,
638 1297 717 1355 quos
741 1299 759 1338 a
782 1280 887 1339 cetera
908 1276 1112 1340 multitudine
1134 1277 1290 1342 Romulus
1314 1301 1423 1360 segre·

316 1377 441 1458 00010εο
471 1381 619 1440 narratur
631 1376 649 1438 ¹.
695 1376 827 1440 Constat
858 1382 975 1454 autem,
1007 1378 1040 1441 iu
1066 1377 1193 1442 Romuli
1215 1380 1325 1444 fabula
1347 1403 1423 1444 nar·

316 1479 390 1555 rari,
422 1500 494 1542 cum
524 1479 645 1559 asylum
671 1483 816 1560 apertum
838 1484 931 1557 esset,
959 1483 1015 1543 “ex
1037 1481 1180 1544 finitimis
1203 1481 1330 1563 populis
1353 1487 1422 1546 tur-

317 1581 391 1644 bam
421 1601 546 1643 omnem
575 1581 642 1644 sine
666 1581 855 1659 discrimine,
878 1581 960 1644 liber
983 1604 1024 1644 an
1046 1603 1156 1646 seruus
1180 1589 1273 1661 esset,
1297 1585 1423 1647 auidam

316 1703 472 1745 nouarum
503 1687 639 1758 rerum“,
675 1681 810 1746 Romam
841 1683 1042 1760 confluxisse,
1065 1684 1120 1746 sed
1142 1683 1260 1748 liberos
1283 1685 1369 1748 solos
1393 1690 1424 1748 et

269 1797 276 1815 “
316 1785 481 1864 ingenuos,
510 1787 546 1846 ut
568 1782 628 1846 hoo
650 1783 721 1848 loco
745 1782 845 1848 Cincii
868 1783 1002 1847 uerbum
1024 1784 1210 1862 inseramus,
1235 1785 1273 1848 ad
1295 1786 1423 1866 plenam

317 1886 479 1950 ciuitatem
513 1891 670 1967 acceptos,
704 1908 904 1966 nequaquam
939 1887 1057 1950 dictum
1089 1891 1146 1949 est.
1192 1887 1296 1962 Quare
1323 1909 1364 1950 ne
1393 1888 1423 1949 id

317 1987 443 2067 quidem
475 1987 662 2050 concludere
691 1987 776 2062 licet,
805 1986 948 2050 Cincium
971 1985 1113 2068 patriciis
1137 1988 1213 2051 solis
1235 1988 1324 2051 illam
1346 2010 1423 2051 000-

317 2110 438 2152 cessam
460 2087 609 2152 uoluisse.
653 2088 761 2170 Atque
785 2087 885 2152 Cincii
909 2089 1008 2152 uerba
1023 2112 1057 2152 re
1074 2111 1151 2152 uera
1166 2091 1204 2152 ad
1220 2090 1323 2170 ipsam
1334 2089 1424 2151 urbis

317 2189 473 2270 originem
497 2195 640 2271 spectare
664 2195 696 2252 et
713 2192 873 2273 0011101οο
896 2190 963 2253 0100
985 2189 1058 2254 11100
1081 2189 1209 2254 Romuli
1225 2190 1423 2254 consiliarios

317 2291 425 2366 fuisse,
457 2312 536 2370 quos
563 2291 750 2371 plerumque
769 2298 881 2374 putres
904 2290 1080 2372 appellatos
1103 2292 1249 2369 uidimus,
1274 2313 1312 2354 ex
1335 2291 1438 2372 Festi,

318 2392 444 2471 quidem
476 2391 546 2455 loco
579 2414 642 2455 non
669 2396 775 2474 potest
806 2392 883 2468 erui,
907 2393 962 2455 sed
984 2393 1077 2456 facile
1100 2393 1264 2474 probatur,
1287 2393 1313 2457 si
1336 2398 1424 2456 recte

317 2493 425 2569 statui,
459 2514 513 2556 eos
544 2498 688 2556 ueterum
720 2493 874 2556 librorum
896 2493 994 2570 locos,
1018 2516 1097 2574 quos
1121 2515 1217 2575 supra
1239 2498 1312 2575 post
1334 2493 1424 2556 Festi

317 2594 416 2657 uerba
438 2595 540 2671 attuli,
564 2617 635 2658 cum
657 2595 707 2657 his
731 2617 800 2658 esse
824 2595 1053 2676 coniungenda.
1091 2594 1141 2658 Ad
1165 2618 1244 2676 quos
1261 2596 1357 2658 etiam
1372 2595 1423 2657 ille

317 2695 481 2760 Plutarchi
503 2696 565 2760 loci
588 2697 751 2774 accedunt,
776 2696 831 2759 ubi
855 2696 958 2776 planis
975 2696 1081 2759 uerbis
1094 2701 1211 2774 narrat,
1226 2697 1423 2777 quorundam

317 2798 474 2861 sententia
496 2803 658 2862 senatores
681 2799 752 2860 ideo
767 2797 918 2879 patricios
934 2797 1110 2878 appellatos
1127 2819 1205 2875 esse,
1219 2798 1294 2878 quia
1305 2797 1352 2860 illi
1365 2797 1424 2860 soli

317 2903 441 2980 patrum
465 2922 593 2962 suorum
616 2900 745 2962 nomina
767 2899 859 2962 edere
875 2903 1015 2979 possent,
1032 2899 1117 2978 quod
1132 2921 1196 2962 non
1212 2898 1424 2962 multifacere

316 3006 446 3082 possent
480 3023 518 3064 ex
550 3001 599 3077 iis,
634 3001 687 3081 qui
720 3001 814 3081 primi
842 3000 882 3062 ad
904 2999 1015 3063 urbem
1038 2999 1299 3063 confluxissent².
1344 2998 1424 3062 Dio·

318 3101 426 3182 nysius
457 3103 559 3182 primo
590 3106 719 3182 aspectu
746 3102 778 3164 id
800 3123 929 3164 narrare
953 3101 1088 3178 uidetur,
1112 3102 1292 3180 quodcum
1315 3107 1425 3164 nostra

311 3198 684 3284 Ι000100110000000011
707 3203 878 3278 conciliari,
902 3202 1057 3282 siquidem
1081 3203 1217 3284 scripsit,
1241 3202 1322 3278 illos,
1345 3223 1424 3282 quos

319 3304 416 3384 elegit
449 3303 613 3381 Romulus,
645 3309 753 3385 patres
787 3308 927 3379 uocatos,
960 3303 1145 3384 progeniem
1178 3308 1284 3366 autem
1314 3324 1425 3366 eorum

424 3472 431 3501 ¹
449 3477 595 3523 Mommsen
614 3477 652 3523 SR
670 3476 710 3521 111
723 3489 747 3534 p.
763 3478 802 3535 14,
815 3479 955 3534 postquam
969 3476 1000 3520 de
1014 3476 1106 3534 primis
1119 3475 1238 3534 putribus
1253 3476 1321 3520 etde
1332 3475 1424 3534 primis

319 3561 442 3620 patriciis,
469 3561 574 3606 illorum
597 3561 718 3619 posteris,
741 3561 844 3606 locutus
863 3563 910 3618 est,
929 3560 993 3606 haec
1013 3559 1097 3606 addit:
1119 3558 1180 3604 “der
1198 3559 1298 3616 Begriff
1314 3559 1362 3604 des
1381 3572 1423 3618 pa·

319 3646 409 3691 tricius
436 3646 461 3690 10
485 3646 570 3690 dieser
592 3644 812 3703 ursprfinglichen
835 3643 1041 3700 Beschriinkung
1060 3643 1136 3689 deckt
1154 3643 1210 3688 sich
1229 3642 1276 3687 mit
1295 3642 1346 3687 den
1366 3643 1423 3700 spii-

320 3735 392 3776 teren
411 3729 565 3786 ingenuus“.
595 3729 659 3774 Adn.
679 3731 693 3775 3
713 3729 749 3774 ita
767 3729 863 3787 pergit:
885 3726 962 3773 “Dies
980 3728 1034 3773 und
1053 3728 1125 3772 nicht
1137 3727 1212 3772 mehr
1225 3726 1306 3771 meint
1319 3725 1423 3770 Cincius

319 3815 344 3858 in
367 3815 413 3860 der
436 3814 533 3859 Schrist
551 3814 582 3858 de
601 3814 713 3860 comitiis
732 3813 783 3869 (bei
801 3812 895 3858 Festus
915 3811 986 3868 241);
1006 3815 1185 3870 001110100-
1199 3833 1230 3842 -
1244 3833 1275 3840 -
1294 3816 1423 3862 uocantur,

320 3893 409 3943 wovon
428 3898 494 3942 wohl
514 3898 580 3942 auch
595 3897 689 3944 'Liuius
709 3897 730 3941 X
749 3900 762 3942 8
783 3896 909 3953 sbhtngt:
926 3897 1055 3953 patricios
1068 3919 1099 3926 -
1113 3919 1144 3926 -
1158 3919 1189 3925 -
1202 3896 1333 3950 inpensus.
1366 3878 1423 3939 Dies

320 3983 384 4026 trifft
402 3981 444 4026 1111
462 3981 503 4026 die
522 3981 680 4026 romulisohe
699 3980 821 4037 Legeude
839 3979 997 4036 vollsttndig
1010 3979 1067 4025 zu“.
1096 3980 1122 4026 si
1134 3979 1198 4024 haec
1211 3980 1280 4023 recte
1293 3977 1423 4036 perspexi,

320 4067 467 4112 Mommsen
494 4064 574 4110 Cincii
598 4065 680 4110 uerba
709 4065 741 4110 ud
759 4065 844 4123 prima
862 4064 934 4109 urbis
954 4068 1073 4122 tempora
1093 4067 1212 4122 spectare
1230 4063 1315 4120 putat,
1334 4073 1423 4120 quam-

320 4164 398 4210 quem
417 4151 516 4209 primos
534 4150 657 4208 patricios
677 4163 727 4194 non
746 4148 850 4194 Romuli
869 4151 1012 4207 senatores,
1026 4148 1071 4193 sed
1085 4147 1237 4206 progeniem
1250 4157 1342 4190 eorum
1353 4145 1421 4190 facit.

423 4228 655 4293 2111110000100.
676 4237 689 4280 9
709 4237 735 4278 01
754 4248 777 4292 p.
800 4235 829 4278 10
848 4233 905 4277 adn.
928 4234 948 4277 1.
