3004 5066
795 392 930 444 ..g„

309 562 410 620 tntum
434 563 466 620 et
487 555 690 619 historiarum
714 554 934 636 peritissimus
957 553 994 616 E.
1018 553 1137 635 Meyer,
1161 554 1193 616 in
1216 553 1298 617 libro
1318 576 1422 635 nuper

310 659 394 722 edito
423 680 486 721 non
508 655 610 720 solum
632 678 695 719 non
718 655 853 738 negligit
876 677 922 722 ea.
946 677 1026 736 quae
1050 655 1197 718 disseruit
1219 653 1338 730 Soltau,
1362 657 1421 718 sed

309 761 354 822 ita
384 759 508 840 probat,
539 763 575 821 nt
605 757 688 821 haud
720 758 902 821 dubitanter
933 759 1112 832 contendat,
1135 759 1284 839 patricias
1307 762 1422 838 gentes

310 883 433 941 semper
463 882 558 923 unam
589 863 711 922 tantum
743 859 852 940 populi
880 863 1004 939 partem
1026 859 1133 932 fuisse,
1156 858 1332 935 nobilitate,
1355 881 1422 920 non

310 961 447 1025 ciuitatis
478 961 688 1042 possessione,
720 982 814 1043 snper
839 960 965 1041 plebem
990 961 1227 1042 excellentem¹.
1273 959 1316 1023 Et
1338 983 1422 1040 quo-

309 1064 394 1126 niam
416 1062 496 1124 liber
519 1063 586 1124 eius
609 1063 635 1124 is
659 1065 716 1137 est,
740 1083 833 1142 quen]
855 1061 1092 1142 philologornm
1113 1084 1176 1124 non
1191 1062 1281 1143 parui
1296 1063 1422 1126 numeri

309 1163 434 1227 intersit
465 1184 665 1244 cognoscere,
696 1184 760 1226 non
788 1161 881 1226 facile
909 1184 946 1225 ea
968 1163 1121 1243 patriciae
1143 1162 1349 1244 plebeiaeque
1373 1165 1422 1226 ci-

309 1265 418 1328 uitatis
442 1264 611 1339 enarratio,
635 1285 729 1344 qnam
751 1263 893 1343 praebet,
909 1264 941 1326 in
957 1263 1151 1326 obliuionem
1166 1245 1313 1327 incurret.
1337 1263 1423 1328 Tum
1494 1325 1495 1334 ,

308 1370 398 1429 tanta
431 1365 490 1428 uiri
525 1365 699 1428 doctissimi
734 1365 906 1427 auctoritas
940 1369 997 1440 est,
1031 1370 1066 1427 nt
1098 1387 1194 1452 nemo¹
1221 1366 1354 1446 posthae
1387 1367 1422 1429 in
1494 1415 1495 1420 η

310 1467 447 1530 animum
483 1467 666 1529 inducturus
700 1465 742 1530 sit
771 1466 965 1547 praedicare,
997 1466 1077 1528 nihil
1100 1488 1171 1530 eum
1193 1467 1226 1529 in
1248 1467 1342 1530 rebus
1365 1491 1421 1532 ro-

309 1568 409 1631 manis
432 1567 620 1648 intelligere,
644 1567 698 1646 qui
720 1567 808 1630 illam
831 1568 868 1630 de
891 1568 1033 1648 patriciis
1057 1568 1205 1648 gentibus
1229 1571 1421 1634 sententiam

277 1749 278 1752 Ἴ
309 1670 411 1732 minus
434 1668 557 1750 probet,
582 1669 668 1732 cuius
691 1669 811 1748 primus
835 1673 944 1732 auctor
967 1673 1035 1732 erat
1057 1667 1211 1733 Niebuhr.

410 1768 471 1832 Sed
493 1769 603 1850 Meyer
626 1771 842 1850 quaestionem
866 1775 1007 1833 nostram
1023 1793 1086 1833 non
1102 1771 1162 1834 nisi
1178 1770 1318 1834 breuiter
1332 1776 1421 1835 trac-

309 1874 399 1948 tauit,
431 1873 514 1953 quod
545 1873 578 1935 in
605 1871 659 1935 illo
684 1894 779 1953 opere
802 1872 894 1934 aliter
915 1873 985 1937 fieri
1008 1895 1071 1936 non
1093 1873 1207 1952 potuit,
1233 1895 1294 1952 quo
1317 1877 1422 1936 totam

309 1974 509 2054 antiquorum
531 1969 722 2056 pdpulorum
744 1973 910 2036 historiam
932 1975 1130 2038 tractandam
1153 1975 1214 2037 sibi
1233 1975 1421 2055 proposuis-

309 2079 366 2138 set.
416 2073 518 2148 Quare
551 2098 614 2138 non
647 2075 758 2139 inutile
789 2075 857 2138 fore
892 2097 994 2155 spero,
1027 2076 1054 2138 si
1085 2076 1124 2138 ad
1155 2076 1421 2156 disceptationem

310 2177 410 2238 denuo
433 2182 547 2238 uocata
570 2177 638 2239 erit.
677 2176 876 2239 Praesertim
899 2198 969 2239 cum
993 2177 1127 2252 uideam,
1152 2199 1231 2257 quae
1253 2177 1421 2258 aMeyero
1453 2219 1454 2226 .

308 2277 346 2338 de
368 2275 511 2356 patriciis
535 2277 678 2356 exposita
701 2282 783 2351 sunt,
807 2278 890 2356 apud
912 2299 969 2340 nos
991 2299 1055 2340 non
1078 2277 1194 2358 sperni,
1218 2279 1273 2340 sed
1292 2277 1421 2340 obeam

305 2398 372 2440 rem
395 2377 428 2438 in
451 2377 549 2440 libros
572 2399 636 2440 non
658 2377 803 2452 admissa,
828 2378 940 2457 quibus
963 2383 1094 2441 utuntur
1110 2378 1307 2459 publicarum
1323 2377 1420 2441 scho-

305 2478 406 2541 larum
439 2477 566 2550 alumni,
599 2479 683 2558 quod
715 2500 751 2540 ea
782 2479 948 2553 sententia,
981 2502 1075 2559 quam
1106 2479 1255 2555 defendit,
1279 2479 1421 2542 nondum

306 2580 382 2642 satis
416 2601 572 2660 perpensa
603 2584 634 2642 et
666 2579 829 2660 explorata
861 2581 1068 2644 existimatur.
1113 2580 1220 2661 Atque
1253 2582 1298 2644 ita
1330 2601 1420 2642 com-

305 2681 532 2744 mentationem
556 2703 659 2744 meam
681 2682 814 2756 institui,
838 2686 872 2744 ut
895 2683 1032 2763 primum
1055 2705 1092 2746 ea
1115 2704 1315 2763 exponerem,
1337 2703 1420 2762 quae

305 2783 476 2862 scriptores
510 2783 631 2862 antiqui
663 2783 701 2846 de
733 2783 855 2862 origine
878 2785 1020 2864 gentium
1042 2784 1247 2864 patriciarum
1272 2788 1419 2846 constare

304 2888 465 2965 putarunt.

406 3168 538 3248 Antiqui
571 3170 742 3249 scriptores
776 3172 942 3252 patriciam
976 3169 1175 3233 nobilitatem
1208 3170 1318 3232 eodem
1350 3170 1419 3232 fere

305 3273 448 3349 tempore
471 3275 574 3332 ortam
597 3292 665 3333 esse
688 3278 829 3348 narrant,
853 3295 915 3353 quo
938 3272 1013 3335 urbs
1038 3271 1235 3334 conderetur.
1282 3270 1362 3344 Quid
1379 3271 1418 3334 de

306 3370 371 3432 eius
404 3370 526 3450 origine
559 3371 758 3448 crediderint,
790 3373 839 3436 his
868 3374 1055 3454 praesertim
1079 3372 1157 3436 locis
1181 3373 1339 3448 discimus,
1363 3373 1419 3451 qui
1494 3359 1495 3380 .

305 3471 462 3533 notissimi
485 3477 557 3534 sunt
579 3494 681 3553 neque
704 3496 722 3535 a
744 3496 794 3536 me
817 3474 869 3537 hic
893 3475 1155 3549 exscriberentur,
1179 3474 1241 3536 nisi
1262 3473 1301 3535 iis
1317 3472 1418 3536 multo

305 3572 375 3652 plus
398 3573 545 3652 ponderis
568 3573 752 3646 tribuerem,
776 3598 870 3654 qnam
892 3575 989 3657 uulgo
1012 3575 1050 3638 iis
1074 3574 1190 3636 ascribi
1213 3573 1319 3637 uideo:

406 3672 469 3735 Cic.
503 3675 540 3735 de
571 3696 637 3755 rep.
666 3672 696 3736 ll
721 3677 769 3752 12,
794 3677 848 3738 23:
873 3726 879 3738 .
905 3727 911 3738 .
937 3727 943 3738 .
968 3677 1022 3738 illc
1045 3675 1175 3738 Bornnli
1197 3681 1337 3751 serratas,
1360 3677 1417 3758 qui

305 3774 467 3836 constabat
490 3795 527 3836 ca
550 3775 765 3857 optirnotc'bna
789 3777 902 3860 paribus
926 3780 993 3859 ipsc
1015 3797 1073 3838 rea
1096 3782 1220 3838 tantona
1243 3775 1417 3854 trdbnr'sset,
1494 3859 1495 3862 Ἴ

305 3882 339 3936 nt
370 3896 421 3937 eos
448 3883 561 3957 potres
592 3875 685 3937 uellet
716 3881 881 3940 norntoori
906 3879 1125 3960 patriciosque
1157 3897 1264 3938 coriam
1288 3875 1419 3953 liberos;
1493 3869 1495 3950 ἶ

305 3975 490 4056 quibuscum
524 3975 619 4037 uelim
655 3976 866 4054 conferantur,
901 3999 981 4059 quae
1015 3977 1133 4040 ibidem
1167 3977 1196 4053 8,
1227 3978 1266 4038 14
1297 3977 1417 4057 scripta
1494 3999 1495 4006 ¹

409 4126 659 4189 ¹Edua1dMeyer:
685 4131 841 4178 Geschichte
861 4135 907 4179 des
926 4133 1095 4178 Alterthnms.
1124 4133 1157 4178 ΙΙ.
1194 4132 1322 4188 Stnttgart
1342 4133 1415 4189 1893,

304 4229 347 4274 er>-
369 4216 415 4275 512
435 4229 489 4272 enn-
