3004 5066
568 421 704 473 --5-

79 586 275 650 curiatorum
299 584 500 648 comitiorum
523 584 679 646 rationem
702 613 741 628 —
765 605 829 646 non
852 584 913 646 nisi
935 583 1076 646 breuiter
1093 585 1189 646 attin-

78 710 156 769 gere
178 687 268 769 potui
291 691 386 766 atque
409 687 486 750 satis
508 685 621 761 habac,
646 685 699 765 qui
722 685 783 748 hoc
806 685 925 766 legunt,
950 707 1004 748 eos
1020 686 1059 748 ad
1074 686 1190 749 librum

78 788 215 852 Soltauii
247 787 404 868 delegare,
436 787 490 851 ubi
521 787 602 850 hanc
631 789 847 868 quaestionem
872 787 999 868 copiose
1022 792 1191 850 tractatam

77 890 253 953 inuenient.

183 990 321 1055 Conatus
344 995 393 1053 est
415 991 513 1071 igitur
536 988 645 1054 Soltau
667 990 778 1072 primis
801 989 875 1052 libri
899 990 947 1052 sui
969 990 1112 1071 partibus
1135 991 1189 1053 de-

79 1098 268 1170 monstrare,
301 1093 381 1156 nihil
414 1094 451 1156 dc
486 1093 615 1156 curiatis
651 1093 787 1156 comitiis
819 1093 857 1155 ad
889 1096 1030 1156 nostram
1048 1096 1190 1159 ,aetatem

80 1197 273 1278 peruenisse,
307 1217 363 1258 cur
395 1195 618 1277 suspicandum
651 1200 744 1270 esset,
776 1195 840 1257 ullo
873 1216 909 1258 ea
939 1200 1082 1275 tempore
1104 1193 1191 1274 plebi

79 1299 179 1361 fuisse
212 1297 393 1370 interclusa,
427 1301 522 1380 atqu-e
553 1318 624 1360 mea
655 1297 781 1376 quidem
804 1297 960 1359 sententia
982 1317 1111 1358 munere
1134 1317 1191 1358 suo

82 1422 179 1479 quam
210 1399 326 1479 optime
353 1398 538 1479 perfunctus
561 1403 618 1460 est.
664 1396 785 1460 Uerum
807 1419 902 1460 unam
925 1419 1002 1473 rem,
1026 1419 1106 1478 quae
1126 1392 1190 1460 huc

81 1501 230 1580 pertinet,
254 1501 293 1562 ad
316 1499 413 1562 alium
435 1499 540 1562 locum
563 1499 694 1562 distulit.
729 1498 874 1581 Apparet
889 1499 1004 1576 omnia,
1021 1521 1101 1579 quae
1114 1521 1190 1562 con-

79 1607 130 1663 tra
163 1599 218 1662 illa
251 1601 386 1680 patricia
417 1601 546 1663 comitia
561 1601 778 1686 disseruntur,
802 1599 893 1662 nihili
916 1621 994 1676 esse,
1018 1601 1045 1663 si
1068 1601 1191 1664 ostendi

77 1703 190 1783 possit,
225 1703 432 1782 patriciorum
464 1702 676 1783 appellatione
705 1703 852 1782 antiquos
875 1707 906 1764 et
929 1702 1082 1782 genuinos
1106 1702 1191 1764 ciues

78 1803 276 1884 significatos
308 1825 391 1878 esse;
425 1825 521 1883 quare
552 1802 662 1867 Soltau
685 1803 796 1866 ultima
818 1803 892 1866 libri
914 1803 962 1866 sui
985 1807 1074 1883 parte
1098 1825 1190 1882 sepa-

77 1906 175 1968 ratim
198 1905 236 1968 de
258 1909 385 1986 patrum
408 1909 440 1967 et
455 1905 557 1986 plebis
574 1910 646 1968 ante
663 1905 873 1968 secessionem
886 1904 1070 1967 condicione
1082 1903 1189 1984 dispu-

77 2007 210 2069 tandum
234 2011 351 2068 censet.
389 2005 433 2069 Et
454 2007 501 2069 ita
522 2028 589 2069 rem
613 2007 806 2087 aggreditur,
822 2006 1004 2085 utprimum
1016 2005 1190 2086 perquirat,

79 2129 141 2187 quo
165 2107 297 2170 clientes
319 2108 386 2170 iure
409 2107 459 2170 usi
481 2108 558 2183 sint;
582 2129 661 2187 quos
684 2129 747 2169 non
769 2111 861 2187 putat
875 2106 1024 2187 priuatim
1036 2107 1104 2169 iure
1116 2127 1191 2168 usos

80 2230 148 2271 esse
177 2212 244 2270 tam
273 2209 414 2288 angustis
437 2208 553 2271 finibus
577 2208 826 2290 circumscript0,
850 2229 945 2288 quam
967 2207 1063 2290 uulgo
1088 2208 1189 2271 credi-

77 2316 138 2372 tur.
185 2308 364 2386 Contendit,
399 2332 452 2373 eos
483 2311 556 2373 inde
589 2334 606 2372 a
637 2307 740 2374 Seruii
771 2309 968 2391 temporibus
990 2309 1061 2391 lege
1086 2331 1190 2390 agere,

78 2411 193 2474 t'undos
216 2411 249 2473 in
273 2433 351 2492 agro
374 2434 504 2475 romano
527 2412 700 2493 possidere,
722 2412 871 2487 testandi,
895 2411 1105 2491 mancipandi,
1130 2412 1193 2474 alia

77 2513 149 2575 iura
179 2534 325 2576 exercere
348 2513 489 2594 potuisse
502 2513 521 2574 ¹.
567 2512 658 2587 Quod
680 2535 756 2577 uero
780 2514 819 2576 ad
842 2512 1003 2593 publicum
1028 2512 1191 2576 clientium

78 2615 126 2676 ius
151 2615 274 2688 attinet,
299 2613 412 2676 saltem
435 2637 473 2676 ex
496 2615 607 2676 eodem
629 2618 773 2694 tompore
797 2614 905 2676 eadem
929 2635 983 2676 eos
1008 2615 1192 2678 condicione

77 2717 197 2779 uixisse
231 2716 393 2779 existimat
424 2721 519 2796 atque
543 2716 893 2796 complebispartem,
917 2717 1052 2796 quaein
1074 2715 1190 2778 nullius

77 2817 205 2897 patroni
228 2817 291 2879 fide
315 2823 391 2880 erat.
437 2817 543 2897 Atque
566 2818 687 2880 duobus
710 2817 897 2898 pracsertim
919 2817 1114 2898 argumentis
1130 2816 1191 2879 hoc

79 2919 125 2981 ita
155 2919 253 2982 fuisse
285 2919 495 2982 demonstrari
521 2918 621 2982 uult².
666 2918 808 2981 Primum
830 2941 895 2981 non
916 2922 1023 2999 potest
1046 2918 1190 2998 cogitari,

79 3021 105 3082 si
128 3017 273 3082 Soltauio
298 3021 464 3096 credimus,
487 3020 639 3102 patricios
663 3021 702 3082 od
724 3024 847 3082 tantum
870 3021 1045 3082 exercitum
1061 3041 1190 3100 compa-

77 3121 211 3184 randum
245 3122 416 3195 suffecisse,
451 3125 602 3202 quantum
634 3144 652 3183 a
683 3118 785 3184 Seruii
814 3120 1011 3201 temporibus
1040 3120 1191 3202 populum

80 3243 243 3285 romanum
273 3221 422 3286 habuisse
444 3223 618 3304 putandum
641 3223 696 3296 sit;
724 3223 808 3302 quod
831 3222 857 3284 si
880 3221 1010 3285 clientes
1034 3223 1065 3284 in
1088 3222 1190 3303 legio-

78 3323 171 3386 nibus
194 3323 352 3403 stipendia
374 3325 526 3398 facerent,
551 3345 605 3387 eos
628 3324 744 3386 ciuium
766 3325 834 3387 iure
857 3345 921 3386 non
937 3323 1191 3398 caruisse,facile

78 3423 222 3487 Soltauio
246 3426 456 3488 concedimus.
502 3424 582 3488 Tum
606 3431 722 3501 monet,
745 3426 778 3488 in
793 3426 831 3488 iis
847 3425 981 3506 legibus,
995 3426 1109 3506 quibus
1121 3425 1189 3506 ple-

77 3525 127 3588 bis
161 3524 323 3605 publicum
357 3527 405 3589 ius
436 3531 509 3608 post
540 3548 631 3606 reges
664 3531 791 3589 exactos
820 3527 1029 3589 mutationem
1052 3525 1190 3605 aliquam

78 3626 248 3706 acceperit,
271 3626 389 3688 nullam
413 3649 546 3706 usquam
570 3626 732 3688 clientium
755 3627 948 3689 mentionem
970 3626 1050 3701 fieri,
1066 3630 1189 3689 utcon-

77 3731 265 3790 sentaneum
288 3727 339 3802 sit,
361 3727 465 3807 plebis
488 3728 615 3790 nomine
638 3727 734 3791 etiam
758 3749 811 3790 eos
835 3728 1069 3809 comprehendi,
1089 3729 1190 3808 quiin

78 3828 210 3891 alterius
234 3828 312 3892 ciuis
336 3830 483 3892 clientela
504 3829 631 3892 fuerint.
666 3829 773 3910 Atque
788 3829 941 3893 hactenus
958 3831 995 3893 de
1011 3830 1190 3893 clientibus.

76 3928 201 3992 Deinde
234 3929 272 3990 ad
303 3929 405 4010 plebis
436 3931 653 3994 condicionem
681 3931 941 3994 considerandam
963 3937 1191 4012 transgressor,

77 4034 175 4110 negat
209 4051 279 4092 eam
312 4030 377 4094 ullo
411 4032 565 4095 eiusmodi
597 4033 666 4096 iure
698 4034 846 4111 caruisse,
879 4033 961 4114 quod
985 4034 1010 4096 si
1035 4035 1104 4114 quis
1127 4056 1190 4096 non

184 4166 192 4193 ¹
211 4170 275 4215 Uide
293 4171 383 4216 Soltau
401 4185 445 4229 pp.
466 4173 513 4217 631
533 4185 602 4229 sqq.;
622 4175 669 4218 644
689 4175 746 4219 adn.
769 4175 788 4219 1.

182 4247 192 4277 ²
211 4253 238 4298 L.
258 4253 274 4300 l.
293 4268 337 4312 pp.
359 4257 501 4301 cae—644.
