3004 5066
502 429 708 482 ‘—83—

77 596 182 654 tamen
216 593 289 652 sunt
322 611 402 670 quae
436 589 665 654 dubitationem
699 613 802 654 meam
832 597 990 656 moueant.
1035 591 1108 656 Non
1131 593 1180 656 in-

78 691 197 773 telligo,
227 691 384 771 quomodo
410 691 481 754 fieri
502 692 652 772 potuerit,
675 696 710 755 ut
732 714 833 772 neque
857 691 953 756 Gaius
976 693 1181 774 neque-alius

45 856 47 862 ,
78 793 243 874 quisquam
266 797 409 856 ueterum
431 793 632 875 scriptorum,
648 794 675 862 si
686 794 828 874 patriciis
841 795 916 858 solis
930 795 1181 858 confarreatione

27 907 29 913 ’
78 894 122 957 uti
154 915 337 958 concessum
370 899 463 970 esset,
490 893 583 957 huius
606 895 652 957 rei
674 895 793 958 nullam
815 897 1008 960 mentionem
1031 897 1181 960 facerent.

78 996 198 1059 Eamne
226 1017 290 1059 non
312 1000 489 1059 memoratu
512 996 638 1077 dignam
662 997 943 1061 existimauerunt?
987 997 1038 1060 An
1060 998 1183 1062 nescie-

78 1103 159 1175 runt,
184 1099 268 1178 quod
291 1099 328 1161 de
352 1098 604 1162 confarreatione
618 1098 790 1179 plurimum
804 1099 958 1163 intererat
973 1101 1075 1163 scire?
1112 1099 1183 1164 Hoc

79 1201 280 1280 antiquorum
303 1201 494 1282 scriptorum
516 1200 677 1263 silentium
700 1200 778 1263 mihi
800 1205 925 1265 tantum
947 1201 1042 1279 ualet,
1063 1206 1098 1265 ut
1112 1225 1185 1266 mea

80 1303 205 1383 quidem
229 1302 397 1379 sententia,
428 1302 454 1365 si
476 1301 563 1366 nulla
585 1301 647 1364 alia
669 1324 703 1365 re
727 1325 821 1382 qnam
843 1302 971 1366 illorum
993 1303 1198 1379 testimoniis

80 1407 238 1483 ducamur,
262 1427 325 1468 non
341 1405 392 1482 sit,
405 1426 460 1468 cur
472 1404 614 1485 plebeios
626 1403 771 1467 homines
783 1427 885 1486 neque
897 1405 965 1468 iure
976 1427 1078 1486 neque
1096 1428 1184 1469 more

81 1531 98 1570 a
126 1507 378 1571 confarreatione
409 1505 588 1586 prohibitos
620 1510 775 1587 putemus.
821 1504 883 1569 Sed
906 1507 1001 1569 etiam
1024 1506 1085 1570 hoc
1109 1529 1184 1570 con·

81 1609 278 1672 siderandum
309 1613 365 1671 est.
409 1605 484 1670 Non
513 1607 614 1670 solum
638 1607 901 1684 commeatione,
925 1608 979 1670 scd
1005 1607 1185 1671 etiamalio

81 1733 194 1792 genere
216 1709 408 1790 nuptiarum,
432 1709 641 1790 coemptione,
665 1731 744 1772 uxor
767 1709 875 1772 statim
890 1709 922 1771 in
939 1730 1066 1772 manum
1078 1709 1185 1772 mariti

82 1811 297 1876 conueniebat.
335 1809 428 1874 Unde
450 1810 511 1873 hoc
535 1809 670 1873 alterum
692 1831 790 1890 genus
814 1814 919 1873 ortum
940 1831 1007 1873 csse
1024 1810 1185 1874 existime-

81 1916 168 1976 mus?
213 1911 324 1976 Potest
350 1933 401 1974 res
429 1912 475 1974 ita
498 1911 660 1988 declarari,
683 1914 718 1974 ut
742 1911 980 1988 constituamus,
1004 1933 1073 1974 cum
1097 1912 1146 1974 uir
1169 1935 1186 1974 e

81 2015 171 2096 plebe
194 2013 286 2076 initio
309 2034 441 2076 uxorem
463 2035 552 2076 suam
574 2013 607 2074 in
622 2034 717 2075 manu
732 2012 850 2074 habere
862 2034 925 2076 non
937 2016 1046 2094 posset
1058 2013 1118 2075 nisi
1130 2035 1187 2094 per

82 2139 180 2192 usum,
203 2137 322 2178 nouum
345 2114 527 2195 nuptiarum
549 2115 677 2177 modum
700 2113 877 2194 quaesitum
901 2135 980 2191 esse,
1001 2135 1062 2194 quo
1079 2115 1186 2176 statim

81 2217 164 2281 filiae
187 2218 258 2280 loco
282 2219 375 2291 esset,
399 2215 486 2279 uelut
508 2215 643 2296 patricia
664 2236 745 2277 uxor
766 2236 823 2295 per
845 2214 1130 2278 confarreationem
1153 2215 1187 2278 in

82 2320 141 2382 uiri
163 2341 291 2382 manum
315 2318 450 2380 cederet.
495 2314 606 2396 ltaque
630 2317 845 2398 coemptiones
868 2315 937 2378 fieri
961 2321 1088 2398 coeptas
1107 2337 1184 2379 esse.

82 2419 153 2484 Non
176 2441 270 2500 neg0,
304 2441 371 2481 rem
403 2419 448 2480 ita
480 2417 632 2499 explicari
660 2439 762 2499 posse,
787 2439 978 2498 quamquam
1001 2417 1108 2494 miror,
1132 2439 1187 2480 cur

82 2523 233 2604 plebeios
261 2521 287 2584 si
309 2521 348 2583 iis
371 2521 403 2582 in
426 2519 636 2582 matrimoniis
660 2518 882 2582 contrahendis
905 2519 989 2581 idem
1011 2518 1087 2581 iuris
1112 2541 1186 2582 con·

84 2645 205 2687 cessum
236 2622 278 2686 sit
308 2626 403 2702 atque
432 2621 584 2702 patriciis
607 2643 671 2684 non
694 2621 789 2682 ctiam
813 2620 851 2682 ad
875 2621 984 2682 eadem
1006 2621 1187 2701 nuptiarum

83 2747 200 2806 genera
234 2724 387 2786 admissos
420 2724 516 2786 liceat
548 2725 670 2802 putare.
727 2719 788 2784 Sed
821 2720 999 2783 necessario
1034 2721 1189 2783 eiusmodi

84 2825 290 2907 coemptionis
325 2824 481 2905 originem
514 2823 712 2886 statuendam
745 2844 823 2899 esse,
854 2844 918 2884 non
950 2807 1114 2884 concedo.¹
1142 2820 1188 2885 Ut

85 2926 303 2990 confarreandi
333 2947 454 2989 morem
485 2924 682 3006 principatus
713 2922 909 3002 temporibus
932 2927 1064 3003 propter
1086 2923 1187 2985 caeri-

85 3029 260 3091 moniarum
284 3026 487 3090 difficultates
510 3047 610 3106 paene
634 3023 788 3087 abolitum
811 3046 879 3086 esse
902 3023 1052 3086 traditum
1069 3028 1126 3100 est,
1143 3024 1189 3086 ita

85 3131 159 3192 satis
183 3133 307 3192 maturo
330 3133 473 3208 tempore
496 3126 553 3190 tali
575 3125 756 3206 nuptiarum
779 3146 894 3206 genere
918 3146 996 3206 opus
1019 3123 1115 3187 fuisse
1132 3146 1188 3186 ne-

85 3251 170 3294 cesse
203 3235 260 3307 est,
291 3230 384 3310 quod,
413 3251 483 3292 cum
505 3228 589 3290 idem
611 3227 688 3290 iuris
711 3226 781 3290 uiro
804 3225 910 3302 ferret,
934 3247 997 3288 non
1019 3225 1116 3288 tantis
1139 3225 1189 3288 in·

86 3332 257 3396 commodis
281 3335 364 3394 esset
386 3329 592 3410 implicatum.
639 3327 728 3402 Quod
751 3327 817 3390 sine
840 3327 999 3408 pontificis
1015 3327 1145 3389 maximi
1160 3331 1191 3389 et

85 3435 220 3498 flaminis
255 3433 356 3496 Dialis
391 3448 488 3514 opera
522 3430 733 3494 confarreatio
766 3453 830 3492 non
862 3433 970 3510 posset
1002 3429 1190 3510 perpetrari,

86 3537 286 3618 sequebatur,
309 3541 344 3598 ut
365 3535 415 3598 uir
438 3539 470 3596 et
492 3531 619 3610 femina,
643 3531 756 3612 quibus
780 3530 1079 3594 Romam-ueniendi
1101 3530 1191 3592 dees-

87 3644 133 3702 set
155 3637 301 3713 facultas,
332 3659 395 3700 non
418 3639 548 3717 possent
571 3633 773 3696 confarreari.
813 3631 898 3720 Cum
920 3632 953 3694 in
975 3631 1035 3693 hac
1057 3652 1091 3693 re
1115 3631 1191 3694 satis

87 3762 198 3804 causae
229 3739 334 3815 fuerit,
370 3760 425 3800 cur
457 3757 558 3799 nonus
591 3738 751 3798 crearetur
781 3733 962 3816 nuptiarum
986 3731 1105 3809 modus,
1130 3754 1192 3812 quo

86 3865 164 3906 uxor
194 3843 227 3904 in
258 3863 386 3904 manum
416 3838 522 3902 mariti
544 3837 731 3912 traderetur,
755 3835 829 3898 nolo
853 3834 1137 3898 confarreationem
1161 3837 1193 3895 et

87 3943 318 4024 coemptionem
342 3941 380 4004 ad
402 3939 528 4022 patricii
552 3942 583 4001 ct
604 3937 723 4018 plebeii
745 3937 821 3999 iuris
845 3936 1008 4016 antiquam
1032 3934 1192 3998 dissimili-

87 4045 228 4108 tudinem
251 4043 379 4106 referre.

1 4207 2 4228 ,
188 4145 310 4208 Eodem
339 4145 433 4207 modo
457 4143 494 4206 de
517 4142 716 4206 testamentis
738 4139 871 4222 priuatis
894 4139 1096 4201 iudicandum
1120 4157 1193 4200 cen-

1 4241 2 4284 3
88 4269 151 4322 sec,
176 4268 256 4327 quae
279 4244 456 4309 Mommsen
480 4249 550 4308 orta
573 4265 641 4307 esse
665 4243 852 4324 suspicatur,
877 4241 960 4321 quod
980 4239 1123 4321 plebeiis,
1141 4239 1194 4319 qui
