3004 5066
837 426 868 431 .-
896 397 994 448 44--

368 556 601 637 prehendimus,
635 559 690 638 qui
720 581 738 620 a
760 557 893 639 singulis
916 557 1065 640 gentibus
1087 556 1229 638 singulos
1252 558 1337 621 uiros
1360 559 1391 620 in
1410 581 1449 620 re-

369 681 442 739 gum
465 658 632 722 consilium
655 659 768 722 missos
790 659 911 722 laceret
933 680 1035 739 neque
1058 662 1193 734 curaret,
1217 659 1370 722 eiusmodi
1391 681 1449 723 coe-

367 764 418 822 tus
449 761 531 841 apud
562 759 723 824 Romanos
746 760 867 824 nullum
890 759 1068 840 exemplum
1091 781 1169 824 esse.
1214 759 1257 824 Flt
1279 783 1375 841 supra
1394 783 1450 823 mo-

368 861 441 923 dum
473 861 529 924 illo
563 861 662 925 altero
696 862 774 925 uitio
807 867 927 942 peccat,
952 861 1001 924 cui
1024 865 1055 923 et
1077 860 1272 942 Herzogium
1295 861 1451 925 obnoxium

368 984 436 1025 esse
469 962 656 1043 significaui.
700 961 785 1026 Nam
818 964 892 1027 dum
924 962 1049 1026 illarum
1079 963 1221 1044 gentium
1243 963 1389 1026 instituta
1408 985 1450 1026 ex·

367 1062 485 1143 plicare
516 1066 631 1140 studet,
663 1064 760 1128 nimia
782 1065 914 1128 audacia
935 1064 1019 1128 ultra
1041 1087 1095 1128 eos
1118 1064 1196 1127 fines
1218 1068 1365 1146 uagatur,
1388 1087 1451 1144 quos

368 1166 568 1246 antiquorum
595 1172 879 1242 monumentorum,
912 1189 992 1246 quae
1024 1171 1201 1247 supersunt,
1232 1165 1302 1246 ipsa
1329 1166 1451 1229 ratioet

367 1272 480 1330 natura
523 1268 683 1332 describit.
747 1267 839 1332 Certe
883 1268 1024 1349 gentium
1068 1272 1193 1349 patrum
1237 1267 1304 1330 siue
1348 1268 1450 1348 princi-

366 1390 442 1448 pum
464 1369 497 1431 in
518 1368 634 1433 litteris
658 1370 795 1450 antiquis
818 1369 938 1432 nullum
960 1369 1130 1449 uestigium
1154 1373 1309 1433 seruatur.
1354 1367 1450 1448 Neque

367 1491 443 1532 uero
476 1471 582 1532 omnia
611 1469 662 1533 hic
687 1471 894 1534 examinanda
917 1475 998 1546 sunt,
1022 1492 1102 1550 quae
1125 1469 1210 1534 Genu
1233 1471 1387 1551 opusculo
1407 1492 1451 1533 suo

367 1570 512 1650 protulit;
557 1571 729 1646 uideamus,
766 1595 840 1636 num
878 1595 917 1635 ex
953 1593 991 1635 ea
1026 1576 1116 1653 parte
1152 1572 1244 1636 nobis
1280 1571 1451 1646 satisfaciat,

366 1672 449 1734 unde
470 1671 531 1736 hoc
553 1672 624 1736 loco
649 1674 866 1753 quaestionem
885 1679 1037 1737 *nostram
1062 1673 1221 1737 illustrare
1245 1678 1451 1736 statueramus.

367 1771 545 1849 Quaeritur,
579 1778 684 1837 utrum
717 1776 838 1838 utrauis
872 1776 909 1838 de
942 1776 1147 1857 patriciarum
1178 1776 1321 1857 gentium
1345 1775 1450 1856 origine

366 1874 523 1937 sententia
556 1875 718 1938 conciliari
750 1876 852 1956 possit
884 1897 983 1939 necne
1010 1898 1080 1940 cum
1104 1898 1180 1939 sana
1205 1875 1332 1940 illarum
1355 1897 1452 1939 uocum

367 1973 577 2054 explicatione
600 2010 640 2018 —-
661 1984 771 2058 potres
805 1977 876 2040 dico
910 1981 942 2041 et
971 1980 1139 2061 patricios.
1195 1975 1315 2041 Genzio
1350 1977 1451 2058 princi·

366 2096 421 2154 pes
453 2075 535 2152 illos,
569 2077 596 2140 si
630 2078 682 2157 qui
716 2078 853 2154 fuerunt,
883 2084 969 2142 recte
992 2100 1067 2141 suae
1090 2098 1245 2158 quemque
1272 2079 1379 2158 gentis
1407 2100 1450 2158 pa-

366 2181 447 2238 trem
490 2177 643 2258 appellari
686 2179 837 2259 potuisse,
882 2179 952 2260 quis
1002 2201 1066 2242 non
1110 2180 1283 2242 concedat?
1347 2178 1451 2243 Uerum

367 2279 524 2358 quomodo
557 2278 619 2342 hoc
653 2279 780 2344 efficere
812 2282 962 2361 potuerit,
996 2286 1031 2344 ut
1054 2281 1151 2344 ceteri
1174 2280 1310 2361 gentiles
1331 2282 1451 2365 patricii

367 2379 610 2460 appellarentur.
639 2403 704 2444 non
733 2382 778 2443 ita
811 2381 904 2444 facile
927 2382 1127 2462 perspicitur.
1172 2381 1330 2446 Patricios
1366 2383 1449 2446 dictos

366 2501 434 2542 esse
458 2481 620 2544 contendit
642 2480 727 2544 Genu
751 2483 834 2562 quod
857 2483 961 2563 gentis
984 2483 1157 2546 illiusmodi
1174 2483 1258 2564 patri
1274 2483 1344 2546 iure
1361 2487 1450 2545 essent

365 2581 432 2644 filii.
477 2581 551 2645 Alio
573 2582 644 2645 loco
667 2581 745 2645 haec
780 2583 911 2646 habet¹:
942 2583 1042 2646 “Dass
1065 2606 1139 2646 man
1158 2584 1223 2647 'von
1247 2585 1352 2648 einem
1370 2591 1450 2667 poter

366 2683 545 2758 abstammt,
573 2683 842 2760 hervorzubeben,
865 2685 955 2766 giebt
976 2707 1035 2748 nur
1058 2686 1150 2748 einen
1173 2683 1259 2762 Sinn,
1283 2707 1378 2748 wenn
1399 2685 1450 2747 dies

365 2789 462 2847 etwas
495 2784 685 2848 besonderes
708 2786 759 2861 ist,
794 2808 886 2848 wenn
919 2787 985 2849 dies
1019 2787 1070 2849 ein
1103 2785 1204 2849 Vater
1234 2787 1286 2863 ist,
1322 2789 1381 2850 wie
1408 2785 1450 2847 ihu

365 2886 414 2948 die
441 2885 545 2948 Massa
568 2885 657 2949 nicht
679 2886 763 2950 hat.“
811 2887 899 2951 Haec
922 2910 984 2951 non
1008 2887 1101 2951 aliter
1122 2888 1301 2969 intelligere
1325 2909 1450 2970 possum,

365 3009 458 3068 quam
492 2992 527 3050 ut
559 2994 677 3068 putem,
718 2988 870 3052 Genzium
900 2990 1091 3065 existimare,
1127 2991 1222 3053 etiam
1256 2990 1337 3054 alios
1371 3011 1450 3070 quam

363 3089 506 3169 gentium
535 3091 695 3170 principes
728 3091 865 3171 patriam
897 3095 1090 3172 potestatem
1126 3092 1316 3169 exercuisse,
1348 3099 1380 3155 et
1405 3090 1449 3154 cli-

363 3194 451 3252 entes
483 3195 514 3252 et
546 3191 674 3271 patricii
707 3192 832 3271 generis
865 3193 961 3268 uiros,
995 3193 1120 3256 etiamsi
1141 3193 1256 3256 horum
1278 3195 1384 3274 patria
1404 3213 1449 3274 po-

362 3294 461 3352 testas
494 3291 664 3354 artioribus
692 3291 809 3355 finibus
833 3297 916 3356 esset
939 3293 1178 3374 circumscripta
1189 3292 1209 3355 ².
1255 3292 1348 3367 Quod
1370 3294 1394 3356 si
1415 3293 1449 3354 ita

362 3412 411 3452 res
435 3412 468 3452 se
491 3390 598 3468 habet,
622 3414 686 3454 non
708 3415 838 3474 possum
861 3393 978 3457 Genzio
1003 3396 1185 3472 concedere,
1208 3395 1353 3476 gentium
1374 3394 1447 3476 prin·

362 3492 446 3572 cipes
480 3499 657 3573 opportune
680 3495 822 3575 potuisse
856 3495 1042 3576 simpliciter
1065 3503 1177 3578 potres
1200 3496 1365 3577 appellari,
1388 3496 1448 3558 lieet

361 3593 482 3674 optimo
505 3594 572 3656 iure
595 3601 702 3675 patres
723 3595 851 3671 fuerint,
873 3618 975 3676 neque
999 3601 1121 3660 ceteros
1138 3597 1272 3677 gentiles
1289 3599 1449 3681 patricios,

360 3716 396 3757 ac
419 3699 509 3758 tanto
533 3695 646 3772 minus,
671 3698 755 3777 quod
778 3697 863 3761 Genu
886 3696 948 3760 alio
971 3698 1042 3760 loco
1067 3736 1105 3744 -
1123 3699 1267 3778 quamuis
1283 3699 1445 3763 subobscu-

465 3897 472 3926 ¹
492 3903 508 3946 1.
528 3903 543 3949 1.
563 3917 587 3960 p.
609 3905 647 3948 55.

465 3995 475 4025 ²
493 4002 582 4061 Neque
601 4004 706 4049 uidetur
725 4004 852 4062 dubitare,
872 4005 933 4063 quin
953 4005 1054 4050 clientis
1073 4005 1245 4051 hereditatem
1264 4008 1309 4053 filii
1322 4009 1377 4054 eius
1390 4007 1445 4052 adie-

359 4085 418 4130 rint.
454 4086 516 4131 Vide
536 4087 551 4132 l.
571 4087 587 4131 l.
606 4101 632 4145 p.
654 4090 692 4134 17.
