3004 5066
804 427 962 480 40--

326 601 435 676 potres
458 595 555 655 lectas
577 592 665 654 barad
689 595 734 654 ito
757 591 855 652 rrrnlto
874 596 948 674 post
966 592 997 650 in
1011 590 1198 672 principum
1216 590 1436 671 dipnntionern

325 698 482 776 peruenit.
528 693 615 768 Quae
637 692 736 756 uerba
758 691 871 772 opinor
893 691 977 753 idem
1000 691 1125 765 docent,
1149 691 1233 770 quod
1255 691 1335 753 haec
1358 690 1434 754 Plu-

327 795 431 859 tarchi
462 793 566 873 (Publ.
599 794 667 873 2l):
707 789 794 853 αὐτὸν
825 793 884 865 (τὸν
909 788 1063 864 Kleonai)
1090 827 1125 834 ,„..
1150 800 1185 872 τῇ
1208 791 1302 874 βουλῇ
1325 796 1436 872 προσέ-

327 899 436 978 γραψεν
459 893 487 968 (ὁ
510 891 726 968 Ποπλικόλας).
771 891 842 956 Nisi
866 893 960 955 fallor
983 913 1020 954 ea
1042 891 1155 968 solum,
1179 914 1259 972 quae
1279 894 1364 973 apud
1380 893 1434 955 Li-

327 999 414 1061 uium
445 1002 477 1060 et
507 995 713 1059 Plutarchum
743 999 922 1070 occurrunt,
950 993 1120 1057 uetustatis
1143 994 1281 1075 speciem
1304 993 1435 1057 habent.

428 1097 473 1161 At
503 1119 566 1160 non
597 1097 699 1161 solum
723 1097 805 1178 apud
827 1095 1026 1176 Dionysium,
1049 1095 1104 1157 sed
1128 1096 1223 1157 etiam
1248 1096 1331 1176 apud
1355 1096 1435 1159 alios

328 1201 500 1281 scriptores
531 1200 583 1262 hic
613 1199 689 1276 illic,
717 1219 787 1260 cum
811 1197 944 1277 singulis
967 1196 1115 1277 gentibus
1137 1197 1304 1276 patriciam
1327 1197 1435 1280 digni-

327 1307 426 1365 tatem
450 1323 632 1380 concessam
655 1299 808 1375 audimus,
824 1299 856 1360 id
872 1298 1025 1362 eiusmodi
1038 1297 1144 1360 uerbis
1157 1305 1435 1375 commemoratur,

328 1403 443 1484 quibus
467 1402 673 1483 significetur,
696 1423 759 1464 non
781 1421 844 1462 uno
867 1405 1010 1481 tempore
1027 1399 1199 1479 autpotius
1211 1422 1273 1462 non
1285 1423 1349 1463 uno
1364 1405 1436 1464 actu

327 1504 495 1586 patriciam
518 1508 549 1565 et
572 1503 763 1566 senatoriam
786 1502 974 1582 dignitatem
996 1501 1102 1564 datam
1126 1522 1204 1562 esse.
1243 1498 1292 1562 lta
1307 1501 1339 1562 in
1356 1499 1435 1564 Sue-

328 1606 408 1669 tonii
437 1605 527 1671 libris
555 1625 592 1666 ea
613 1604 826 1678 inueniuntur,
850 1623 931 1682 quae
955 1602 995 1664 ab
1017 1601 1073 1664 illa
1095 1601 1253 1681 opinione,
1278 1625 1375 1682 quam
1400 1604 1436 1666 de

327 1705 532 1788 patriciarum
566 1706 708 1786 gentium
740 1705 863 1784 origine
895 1703 1024 1766 annales
1054 1702 1262 1765 uetustissimi
1285 1703 1436 1767 habuisse

328 1808 484 1883 uidentur,
519 1829 613 1887 quam
644 1806 781 1868 maxime
813 1805 1016 1868 abhorreant.
1061 1803 1140 1866 Eius
1163 1804 1289 1884 generis
1311 1804 1366 1866 hic
1391 1811 1438 1867 est

327 1909 425 1985 loona,
450 1909 503 1988 qui
525 1909 558 1971 in
580 1908 656 1970 Diui
678 1907 816 1988 Augusti
839 1907 906 1969 uita
928 1905 946 1987 ξ
971 1908 986 1967 l
1012 1906 1163 1968 occurrit:
1189 1905 1238 1968 En
1259 1927 1337 1988 pens
1360 1904 1436 1984 (Oc-

327 2010 426 2091 tauia)
450 2033 469 2072 a
498 2010 676 2094 Tarquinio
701 2008 814 2071 Prisco
838 2029 908 2090 repe
932 2011 1016 2069 inter·
1040 2008 1178 2069 rnirrores
1196 2015 1304 2089 peritas
1321 2008 1436 2070 allecto

328 2114 361 2173 in
386 2119 542 2190 sennium,
564 2131 637 2172 anon
659 2131 679 2172 a
705 2110 818 2172 Seruio
847 2109 953 2171 l'ntlio
972 2110 1004 2170 in
1018 2110 1180 2191 patricios
1196 2108 1436 2191 troductoprn·

330 2213 454 2275 credente
488 2219 625 2294 tcnrpore
659 2212 702 2272 nd
732 2211 852 2292 plebem
884 2230 915 2272 se
948 2209 1081 2272 contulit
1114 2231 1152 2271 oc
1183 2231 1296 2271 rursus
1320 2231 1437 2293 rrropno

329 2314 500 2375 interuallo
528 2333 589 2395 per
618 2312 741 2374 Dinoni
774 2311 894 2372 Iulirnn
928 2313 958 2372 in
979 2305 1192 2393 patriointrnn
1217 2311 1316 2391 redit;
1340 2312 1437 2374 etiam

329 2414 408 2476 haec
442 2414 606 2477 offendunt
639 2412 771 2492 (ibidem
793 2410 811 2492 ᾗ
837 2410 902 2491 lin:
939 2415 972 2473 in
1005 2411 1105 2473 locrrnc
1138 2419 1176 2473 tr.
1197 2412 1244 2495 pl.
1272 2411 1359 2492 forte
1385 2413 1437 2475 dc-

328 2519 447 2578 nrortni
471 2515 679 2578 candidatam
702 2536 734 2576 aa
758 2514 895 2577 ostendit
918 2511 1149 2593 (Octauianus),
1169 2535 1361 2597 qrrnrnqnorn
1381 2537 1438 2598 pn-

329 2619 445 2680 tricias
477 2617 610 2680 necdum
640 2622 784 2695 scriotor;
817 2636 897 2695 quae
927 2615 972 2677 ita
999 2614 1101 2677 solum
1125 2636 1196 2677 cum
1219 2637 1257 2677 ea
1279 2617 1439 2678 sententia

329 2740 504 2799 congruere
535 2717 691 2792 uidentur,
726 2738 821 2796 quam
850 2716 887 2778 de
910 2715 1062 2796 patriciae
1085 2716 1262 2779 nobilitatis
1286 2721 1358 2778 ortu
1384 2739 1437 2779 ue-

328 2826 412 2883 teres
441 2819 590 2883 habuisse
618 2818 847 2894 contendimus
871 2817 898 2879 si
920 2814 1129 2881 Octauianum
1152 2839 1210 2897 per
1233 2817 1439 2898 adoptionem

329 2921 473 2984 Caesaris
500 2920 668 3001 patricium
700 2919 820 2981 iactum
851 2939 919 3003 esse
951 2922 1106 2998 putamus
1152 2917 1202 2980 Ad
1225 2918 1308 2981 hunc
1332 2917 1439 2981 locum

328 3022 412 3084 infra
445 3027 650 3085 reuertemur.
696 3019 753 3083 Ille
784 3020 872 3099 prior
903 3019 948 3080 ita
975 3018 1053 3080 mihi
1076 3024 1277 3100 comparatus
1300 3019 1439 3092 uidetur,

328 3130 364 3188 ut
395 3125 420 3186 si
453 3146 522 3186 eam
556 3124 649 3204 plane
679 3122 851 3202 negligam,
888 3142 952 3183 non
980 3141 1101 3196 uerear,
1135 3141 1174 3182 ne
1207 3120 1286 3183 mihi
1320 3121 1439 3184 nimiae

329 3226 468 3288 incuriae
502 3225 669 3287 tribuatur.
715 3222 777 3286 Sed
799 3221 934 3284 forsitan
962 3221 1117 3302 quispiam
1142 3222 1183 3284 ob
1210 3243 1278 3290 eam
1308 3243 1438 3286 causam

329 3327 428 3389 uerba
462 3325 605 3388 Suetonii
639 3347 702 3387 non
735 3345 865 3405 prorsus
895 3323 1073 3403 spernenda
1099 3324 1203 3400 ducat,
1227 3323 1312 3404 quod
1335 3325 1438 3405 patri-

331 3428 412 3490 ciam
446 3431 477 3489 et
509 3426 702 3489 senatoriam
735 3425 924 3505 dignitatem
951 3424 1146 3506 aprincipio
1170 3423 1311 3486 diuersas
1339 3424 1438 3487 fuisse

331 3529 426 3590 etiam
455 3526 517 3591 Dio
542 3526 667 3591 Cassius
691 3526 888 3589 existimasse
911 3525 1044 3589 uidetur.
1090 3523 1177 3587 Haec
1201 3525 1285 3588 enim
1308 3526 1347 3588 de
1371 3526 1437 3607 pri-

331 3651 384 3693 ore
408 3629 582 3709 Tarquinio
605 3629 776 3692 memoriae
799 3627 962 3690 mandauit
978 3627 1104 3708 (fragm.
1122 3627 1168 3706 8):
1196 3622 1271 3686 otta
1283 3628 1333 3687 τὸν
1346 3623 1438 3707 Μάρ-

331 3753 393 3793 nror
426 3731 576 3814 διέθηκεν,
606 3726 755 3790 ὥστεκαὶ
778 3727 809 3798 ἐς
832 3729 900 3798 τοὺς
923 3725 1099 3809 εὐπατρίδας
1122 3724 1303 3809 intercipi
1326 3728 1438 3810 βουλὴν

330 3830 377 3893 ὑπ’
401 3829 490 3892 αὐτοῦ
514 3830 752 3914 καταλεχθῆναι.
798 3831 886 3893 Haeo
909 3829 1081 3910 Dionysius
1106 3829 1216 3891 eodem
1239 3828 1305 3891 fere
1329 3829 1437 3893 uerbis

330 3936 515 3994 narrauerat
550 3931 609 4014 (HI
636 3932 703 4011 41):
739 3929 827 3992 αὐτὸν
857 3929 872 3992 ὁ
901 3927 1039 4010 Μάρκιος
1062 3965 1101 3972 -
1127 3964 1163 3972 -
1192 3969 1224 3976 -
1252 3926 1284 3997 ἐς
1307 3931 1356 3988 τὸν
1381 3939 1438 3989 τῶν

291 4053 295 4058 ·
330 4035 488 4113 πατρικίων
521 4053 551 4092 τε
583 4035 634 4093 καὶ
665 4033 829 4113 βουλευτῶν
863 4029 992 4112 ἀριθμὸν
1020 4033 1219 4112 reserpentem
1244 4031 1298 4092 sed
1321 4029 1436 4093 Dionis

330 4134 436 4198 uerbis
471 4134 511 4198 ob
544 4156 612 4197 eam
646 4157 713 4198 rem
747 4135 817 4216 plus
848 4133 1046 4196 auctoritatis
1078 4132 1312 4196 attribuendum
1341 4154 1436 4212 quam

331 4235 487 4316 Dionysii,
522 4236 606 4316 quod
639 4235 693 4298 ille
726 4235 758 4298 in
790 4235 829 4298 iis
860 4235 954 4299 rebus
985 4233 1189 4316 explicandis,
1222 4253 1302 4312 quae
1325 4233 1365 4295 ad
1388 4234 1438 4295 ius
