3004 5066
788 392 884 446 „32
922 425 942 432 ,

308 555 410 620 simile
434 560 495 630 est3
519 555 603 634 quod
626 576 697 616 cum
720 553 795 618 clim
819 555 945 634 saepius
968 553 1087 618 factum
1111 551 1324 629 crederetur¹,
1341 553 1422 616 illud

252 671 258 682 ⁸
309 659 346 720 de
369 679 478 738 regum
502 655 701 720 senatoribus
723 655 911 718 nominatim
926 678 983 738 per
997 675 1188 737 praeconem
1201 656 1323 719 uocatis
1335 656 1421 718 anti-

310 759 465 839 quitatum
499 757 613 838 aliquis
640 756 777 837 scriptor
800 757 997 820 confinxerit.
1043 743 1182 831 Quodsi
1205 757 1252 820 illi
1269 759 1422 840 patricii,

309 861 361 940 qui
384 859 444 923 soli
460 867 575 943 patres
598 861 679 921 ciere
702 858 843 938 potuisse
866 859 1022 935 dicuntur,
1045 880 1103 939 pro
1126 859 1165 921 iis
1181 857 1318 921 habendi
1334 863 1422 933 sunt,

309 983 387 1041 quos
411 983 429 1022 a
452 965 558 1022 cetera
580 959 782 1022 multitudine
804 963 935 1041 propter
950 960 1075 1040 generis
1091 959 1293 1024 nobilitatem
1309 980 1422 1039 segre·

309 1063 398 1143 gauit
419 1061 584 1138 Romulus,
608 1065 643 1123 ut
664 1060 695 1122 h.
719 1060 739 1122 l.
764 1083 802 1123 ea
824 1083 895 1136 uox,
919 1061 1002 1140 quod
1018 1082 1255 1141 nonnumquam
1271 1061 1318 1137 fit,
1335 1061 1422 1122 idem

309 1163 468 1244 significet
491 1167 586 1242 atque
607 1169 728 1244 potres,
752 1184 813 1225 non
838 1167 895 1236 est,
920 1183 974 1224 cur
997 1162 1068 1225 illos
1091 1161 1189 1238 locos,
1213 1161 1267 1241 qui
1283 1161 1422 1224 fortasse

310 1286 418 1328 omnes
446 1287 465 1326 a
487 1262 587 1326 Cincii
611 1264 649 1326 de
673 1263 809 1326 comitiis
832 1263 914 1326 libro
938 1263 1092 1344 originem
1116 1285 1204 1326 suam
1228 1263 1356 1338 ducunt,
1382 1263 1422 1324 ab

310 1366 349 1428 iis
372 1364 608 1428 narrationibus
639 1364 810 1427 abhorrere
833 1369 989 1445 putemus,
1013 1365 1126 1445 quibus
1149 1364 1268 1440 Liuius,
1292 1363 1421 1428 Plutar-

310 1465 397 1543 chus,
421 1464 531 1529 Cicero
554 1466 759 1546 patriciarum
783 1466 925 1546 gentium
948 1466 1102 1546 originem
1126 1470 1265 1528 narrant.

412 1565 513 1630 Credo
536 1567 633 1648 igitur
657 1568 892 1630 concedendum
915 1589 994 1644 esse,
1010 1568 1043 1630 in
1057 1567 1264 1648 patriciarum
1277 1567 1422 1646 gentium

310 1668 432 1748 origine
456 1669 631 1731 enarranda
654 1668 693 1732 ab
717 1669 854 1749 antiquis
878 1668 1085 1750 scriptoribus
1109 1690 1231 1731 summa
1249 1667 1423 1730 concordia

310 1774 415 1832 actum
447 1791 515 1832 esse
547 1791 649 1849 neque
682 1774 793 1832 contra
820 1770 979 1833 annalium
1002 1770 1223 1834 auctoritatem
1245 1767 1306 1832 h'ac
1330 1768 1363 1830 in
1388 1791 1421 1831 re

310 1871 482 1951 quidquam
506 1871 679 1934 memoriae
702 1871 861 1951 proditum
894 1893 972 1948 esse,
1000 1871 1084 1951 quod
1106 1894 1169 1934 non
1192 1893 1211 1933 a
1233 1870 1422 1951 posterioris

310 1973 424 2036 aetatis
459 1972 667 2054 scriptoribus
702 1977 734 2035 et
765 1974 810 2035 rei
841 1973 987 2055 publicae
1010 1995 1159 2036 romanae
1182 1972 1285 2034 minus
1307 1971 1422 2052 peritis

310 2074 480 2136 confictum
503 2075 554 2136 sit.
600 2072 703 2154 Supra
726 2078 857 2138 conatus
880 2097 949 2137 sum
972 2075 1147 2150 ostendere,
1172 2095 1235 2150 eos,
1252 2073 1307 2153 qui
1322 2073 1355 2134 in
1372 2072 1422 2134 his

310 2175 421 2236 studiis
446 2197 573 2254 operam
599 2179 782 2254 posuerunt,
806 2175 944 2255 iniquius
967 2197 1004 2237 ea
1025 2175 1209 2238 testimonia
1223 2174 1421 2250 aestimasse,

311 2299 390 2356 quae
414 2276 574 2339 annalium
596 2275 804 2356 scriptoribus
821 2277 988 2352 debentur;
1005 2299 1114 2340 uerum
1126 2277 1172 2340 ita
1185 2277 1246 2358 egi,
1258 2275 1422 2340 uthorum

310 2379 513 2458 scriptorum
528 2365 673 2458 tempora
701 2378 801 2440 solum
827 2383 858 2440 et
880 2400 1031 2458 personas
1055 2378 1288 2444 considerarem
1312 2378 1422 2458 itaque

310 2479 507 2546 constituere,
536 2500 677 2555 conarer,
711 2483 864 2558 quantum
895 2479 933 2541 iis
965 2479 1038 2542 fidei
1072 2485 1155 2541 esset
1183 2479 1420 2559 assignandum.

310 2578 459 2660 Sequitur
481 2584 516 2642 ut
538 2580 579 2648 id·
592 2580 695 2660 ipsum
720 2579 906 2656 examinem,
931 2581 1014 2660 quod
1037 2580 1236 2643 tradiderunt
1253 2617 1291 2625 -
1312 2584 1420 2642 utrum

309 2703 365 2762 per
388 2703 421 2743 se
444 2689 510 2744 tam
533 2681 703 2744 absurdum
728 2681 769 2744 sit
793 2685 824 2742 et
840 2681 956 2744 nullius
972 2681 1076 2761 pretii,
1089 2686 1124 2745 ut
1136 2703 1193 2744 nos
1206 2681 1320 2744 melius
1333 2681 1422 2744 nulla

310 2803 399 2844 mora
421 2781 483 2844 alio
507 2785 743 2857 conuertamus;
775 2805 814 2846 an
837 2783 919 2846 forte
943 2805 1006 2845 non
1029 2782 1130 2845 solum
1153 2804 1217 2844 non
1240 2803 1297 2845 sua
1319 2782 1420 2862 ipsius

310 2881 473 2946 debilitate
507 2883 616 2946 statim
648 2889 784 2961 corruat,
817 2885 989 2947 sedetiam
1013 2884 1156 2946 ueritatis
1181 2883 1319 2965 speciem
1342 2905 1420 2965 prae

310 3005 342 3046 se
374 2983 465 3048 ferat.
511 2984 591 3048 Tum
626 2986 665 3048 ad
697 2992 874 3050 extremum
905 2987 1085 3062 uidendum,
1113 2985 1265 3064 numquid
1288 2986 1420 3047 omnino

310 3085 347 3146 de
381 3086 534 3148 institutis
569 3093 601 3150 et
631 3087 698 3150 iure
731 3087 840 3168 populi
867 3087 990 3149 romani
1013 3090 1209 3167 compertum
1232 3085 1419 3162 habeamus,

310 3186 393 3264 quod
424 3187 584 3267 impediat,
618 3189 784 3266 quominus
808 3188 902 3251 iniis
925 3189 1170 3268 acquiescamus,
1195 3209 1274 3267 quae
1298 3187 1336 3250 de
1360 3210 1419 3268 pa·

309 3287 419 3350 triciae
442 3287 618 3350 nobilitatis
641 3293 713 3352 ortu
736 3289 946 3370 antiquissimi
970 3311 1074 3352 rerum
1098 3310 1298 3352 romanarum
1315 3288 1419 3369 scrip-

309 3393 395 3452 tores
423 3411 441 3451 a
463 3389 636 3452 maioribus
664 3396 853 3471 acceperant
876 3395 929 3454 aut
951 3391 1011 3472 ipsi
1035 3391 1229 3472 cogitatione
1252 3393 1343 3452 erant
1367 3413 1419 3452 as·
1475 3405 1476 3410 ’

310 3490 419 3554 secuti.

411 3792 512 3876 Supra
543 3793 686 3859 'concessi
721 3798 758 3860 de
793 3797 928 3860 Romulo
961 3797 1127 3876 operisque
1161 3795 1227 3858 eius
1260 3793 1362 3857 multa
1384 3795 1419 3856 in

310 3894 475 3958 annalibus
509 3901 637 3960 narrata
670 3920 748 3975 esse,
783 3921 862 3979 quae
896 3919 989 3960 nemo
1020 3919 1096 3959 uera
1126 3917 1194 3958 esse
1221 3895 1253 3957 in
1277 3899 1419 3960 mentem

311 3995 482 4059 induceret.
529 3997 590 4061 Sed
607 3999 750 4078 quamuis
766 3998 827 4062 hoc
843 3998 1063 4075 concesserim,
1079 3997 1122 4074 id,
1139 3995 1222 4076 quod
1237 3995 1339 4059 solum
1354 3995 1418 4058 hoc

414 4130 422 4160 ¹
441 4135 491 4182 oio.
512 4136 566 4183 ost.
586 4136 644 4182 Mei.
664 4137 731 4184 XVI:
754 4139 774 4180 Α
794 4139 857 4182 ailla
876 4140 902 4181 in
921 4142 1035 4182 senatum
1055 4135 1231 4181 arcessebatur
1249 4140 1272 4180 et
1286 4135 1381 4180 Graius
1394 4142 1417 4180 et

310 4223 385 4268 ceteri
402 4236 480 4278 senes,
499 4237 530 4266 aa
543 4236 605 4281 iqua,
624 4224 670 4280 qul
688 4235 728 4266 eoa
746 4221 914 4276 arcessebant,
933 4223 1046 4266 uiatores
1065 4222 1189 4265 norniaatr'
1206 4225 1272 4266 sunt.
