3004 5066
539 391 698 444 ...69-

65 559 158 634 atque
185 575 254 616 eam
281 553 449 635 patriciam
477 553 614 629 admitti3
644 553 868 618 Marcellorum
891 555 1044 618 familiam
1068 557 1171 637 gentis

6 653 8 710 ἶ
64 655 275 737 appellatione
305 655 465 736 designari
487 677 550 719 non
573 655 689 732 solere3
713 660 746 718 at
767 656 838 738 lege
859 658 997 739 poplites
1017 657 1056 720 ad
1078 657 1171 722 here-

6 787 8 822 ε
64 757 176 820 ditates
199 757 319 846 uocari.x
349 755 443 828 ,Tum
466 757 550 838 quod
572 756 716 824 Marcelli
734 779 767 821 se
783 780 845 821 uno
862 759 959 839 stirpe
977 762 1069 822 natos
1085 759 1169 822 dice-

6 875 7 928 Ῑ
62 858 150 936 bant,
183 859 215 922 id
237 859 372 922 forsitan
395 858 517 922 Claudii
539 858 665 939 patricii
688 860 859 923 concedere
887 860 1053 925 noluerint.
1096 859 1170 923 Non

6 951 8 1042 f
62 965 140 1044 puto
173 982 227 1024 eos
259 961 435 1041 negauisse,
471 959 682 1042 gentilitatem
716 960 748 1022 in
782 983 819 1024 eo
853 961 991 1042 positam
1024 983 1102 1038 esse,
1136 965 1171 1024 ut

62 1061 196 1142 gentiles
220 1061 331 1152 eodem
354 1061 452 1142 stirpe
475 1062 542 1125 nati
565 1065 684 1138 essent;
708 1063 762 1125 sed
785 1062 891 1126 nescio
914 1057 952 1125 an
973 1062 1169 1144 negauerint,

63 1147 256 1234 omninoin
289 1163 422 1246 plebeiis
455 1163 636 1227 hominibus
671 1163 883 1244 gentilitatem
914 1165 1044 1245 probari
1066 1187 1168 1246 posse,

6 1287 7 1348 ἢ
61 1265 117 1328 ubi
150 1265 354 1347 agnationum
387 1267 503 1346 gradus
534 1267 567 1328 in
598 1257 790 1330 obliuionem
819 1266 973 1344 abisse11t3
1003 1271 1034 1330 et
1057 1289 1194 1330 monn-1

6 1389 8 1440 p
62 1366 153 1445 erint,
176 1390 272 1448 quam
294 1389 388 1448 saepe
410 1367 510 1444 fieret,
533 1371 568 1430 ut
591 1367 630 1430 ab
654 1367 763 1430 eadem
779 1368 871 1431 domo
888 1369 971 1431 serui
992 1369 1167 1432 liberaren-

6 1499 7 1502 ¹
62 1472 123 1546 tur,
155 1469 208 1550 qui
238 1473 312 1551 post
333 1469 514 1533 libertatem
545 1473 708 1551 acceptam
739 1470 849 1534 eodem
881 1471 1007 1534 nomine
1040 1475 1167 1534 uteren-

6 1605 7 1660 }
62 1576 123 1636 tur.
168 1569 218 1635 lta
241 1571 420 1653 complures
442 1571 584 1654 plebeias
606 1557 743 1634 familias
766 1572 906 1636 eiusdem
929 1573 1065 1636 nominis
1081 1573 1167 1649 oriri,

63 1695 141 1754 quae
164 1673 191 1737 si
213 1673 367 1755 temporis
391 1695 484 1737 cursu
506 1673 655 1737 seruilem
678 1673 832 1754 originem
857 1673 975 1737 oblitae
995 1678 1109 1751 esseut,
1126 1674 1166 1736 ob

63 1797 132 1838 eam
163 1797 231 1838 rem
264 1775 456 1856 fingendum,
490 1791 598 1838 onmes
631 1775 740 1838 eodem
773 1774 870 1856 stirpe
902 1779 992 1838 natas
1016 1779 1048 1838 et
1070 1798 1165 1838 uuam

6 1881 7 1884 ’
63 1882 189 1958 gentem
212 1880 302 1941 esse?
336 1876 441 1940 Aliam
464 1899 552 1940 suam
576 1877 793 1941 condicionem
817 1899 894 1940 esse.
930 1876 963 1940 Si
986 1877 1055 1958 quis
1072 1877 1165 1940 Clau-

6 1959 8 2012 i
63 1979 131 2043 dius
152 1978 237 2042 haud
260 1977 353 2042 dubie
375 1978 527 2060 patricius
552 1983 645 2056 esset,
668 2001 731 2042 non
753 2001 846 2061 posse
869 1979 1015 2057 dubitari,
1036 1979 1110 2059 quin
1127 1980 1166 2042 ad

63 2082 224 2146 Claudiam
247 2087 375 2164 gentem
396 2083 570 2166 pertineret
593 2087 625 2146 et
648 2083 784 2147 cuiusuis
809 2081 940 2160 Claudii,
964 2083 1030 2146 sine
1054 2081 1164 2145 discri-

6 2205 7 2208 ’
63 2185 144 2249 mine
175 2184 329 2273 patricius
361 2208 399 2248 an
428 2185 570 2266 plebeius
594 2188 687 2262 esset,
711 2184 839 2266 gentilis
862 2185 933 2248 loco
956 2185 1165 2249 hereditatem

6 2275 7 2280 ἵ
64 2287 147 2351 adire
170 2289 288 2368 posset,
312 2286 339 2350 si
361 2309 466 2350 rerum
489 2287 571 2351 ratio
594 2287 639 2350 ita
661 2286 794 2351 tulisset.

162 2389 245 2452 Huic
267 2389 524 2470 interpretationi
547 2389 632 2453 obici
654 2393 769 2471 potest,
793 2388 988 2467 Ciceronem,
1009 2390 1036 2452 si
1056 2389 1101 2453 ita
1115 2412 1165 2452 res

6 2537 7 2540 ,
63 2512 95 2554 se
117 2490 290 2569 habuisset,
313 2495 347 2554 ut
370 2513 439 2554 eam
463 2491 617 2569 enarraui,
642 2491 787 2555 debuisse
804 2491 951 2569 scribere,
969 2495 1001 2554 et
1015 2491 1165 2572 patricios

64 2591 209 2656 Claudios
232 2597 263 2656 et
285 2591 454 2657 Marcellos
475 2599 566 2676 pente
589 2592 799 2656 hereditatem
822 2593 860 2655 ad
876 2615 909 2655 se
924 2593 1051 2656 trahere
1071 2615 1164 2655 cona-

63 2698 111 2758 tos
134 2717 212 2758 esse.
251 2692 312 2758 Sed
336 2695 485 2776 quoniam
508 2696 546 2758 de
570 2694 740 2776 gentiliciis
756 2693 984 2757 hereditatibus
1001 2694 1164 2776 agebatur,

64 2795 121 2860 hoc
144 2795 228 2858 idem
251 2795 284 2858 in
307 2796 481 2876 quamlibet
505 2795 702 2860 Ciceroniani
723 2795 787 2859 loci
806 2795 1100 2877 interpretationem
1116 2796 1163 2858 af-

6 2943 7 2946 *
63 2898 137 2962 ferri
159 2901 274 2978 potest.
313 2897 391 2962 Cum
414 2899 500 2964 nulla
522 2899 573 2962 lex
589 2899 626 2962 de
643 2900 793 2982 stirpium
809 2898 1037 2962 hereditatibus
1049 2897 1161 2979 loque-

6 2999 7 3024 ³
63 3006 158 3079 retur,
192 3022 255 3064 uon
288 3000 381 3064 facile
413 3001 491 3064 mihi
521 3001 705 3084 persuadeo,
729 3001 898 3064 Marcellos
922 3023 1009 3064 suam
1033 3003 1164 3084 stirpem

63 3102 267 3186 patriciorum
290 3101 492 3168 Claudiorum
513 3106 601 3189 pecti
623 3103 810 3168 nominatim
830 3103 1024 3184 opposuisse.
1063 3102 1163 3183 Credo

65 3229 81 3270 a
110 3205 260 3270 Cicerone
291 3205 378 3269 illam
406 3229 517 3271 uocem
539 3207 674 3289 positam
700 3229 778 3284 esse,
802 3207 886 3288 quod
908 3205 1051 3270 Marcelli
1074 3205 1163 3270 iden-

64 3309 158 3373 tidem
189 3308 227 3370 de
259 3309 417 3372 communi
449 3309 547 3391 stirpe
575 3331 631 3372 suo
654 3309 753 3372 locuti
778 3313 892 3386 essent,
917 3331 1009 3390 quem
1033 3309 1162 3376 maximi

64 3409 213 3476 momenti
244 3432 311 3474 esse
342 3411 486 3474 uiderent
509 3410 618 3474 adius
642 3433 730 3474 suum
756 3411 970 3474 obtinendum.
1016 3411 1162 3474 Patriciis

65 3511 198 3578 Claudiis
229 3513 332 3593 gentis
363 3513 609 3594 appellationem
635 3512 769 3576 forsitan
800 3512 995 3592 reliquerint,
1023 3501 1062 3576 ne
1093 3513 1163 3594 plus

63 3640 123 3682 una
153 3638 229 3698 gens
261 3613 391 3679 Claudia
421 3619 513 3693 esset,
537 3615 592 3678 sed
615 3613 774 3678 Marcellis
797 3615 966 3678 tenendum
990 3618 1068 3691 erat,
1092 3637 1162 3677 cum

65 3718 272 3802 gentilitatem
302 3721 334 3781 et
365 3716 527 3798 gentilicia
552 3716 621 3780 iura
655 3717 688 3779 in
722 3716 881 3780 communi
913 3715 1035 3798 origine
1058 3716 1162 3798 posita

66 3843 139 3898 esse,
161 3824 228 3884 tum
252 3819 289 3882 de
313 3819 470 3884 communi
494 3818 616 3900 origine
639 3817 862 3882 Marcellorum
885 3841 947 3882 non
979 3840 1047 3882 esse
1070 3817 1161 3881 dubi-

65 3923 197 3986 tandum.

124 4105 127 4112 Ι
161 4022 241 4088 Utut
264 4023 301 4086 de
324 4023 384 4087 hac
407 4024 624 4088 controuersia
638 4023 804 4101 iudicatur,
820 4023 906 4087 nullo
919 4023 1012 4087 modo
1024 4022 1161 4087 Momm-

67 4149 137 4192 seno
165 4126 336 4190 concedere
363 4148 501 4208 possum,
526 4125 686 4191 Ciceronis
709 4127 807 4190 uerba
830 4127 1005 4206 ostendere,
1030 4121 1081 4190 eas
1104 4149 1160 4208 pa-

67 4229 224 4294 triciarum
246 4229 386 4310 gentium
409 4229 573 4311 imagines,
597 4253 677 4310 quae
693 4230 775 4312 apud
791 4229 916 4311 plebem
932 4229 964 4292 in
976 4251 1034 4293 usu
1047 4222 1160 4307 essent,
