3004 5066
521 399 679 452 *27-

52 559 97 622 cui
127 558 287 637 quaedam
319 559 497 622 sacerdotia
526 565 691 624 reseruata
713 568 827 626 essent.
876 561 924 626 Ita
947 565 1016 627 fieri
1038 564 1152 645 putuit,

50 665 82 722 ut
108 659 319 740 patriciarum
348 655 539 724 familiarum
563 663 722 743 principes
745 663 913 740 orirentur,
938 665 992 745 qui
1014 666 1153 729 nondum

49 761 79 826 in
100 765 213 822 senatu
238 763 353 824 essent.

147 859 229 924 Cum
264 862 324 926 hae
358 865 525 928 considero
559 886 703 946 quaeque
735 867 772 928 de
804 887 937 929 censura
958 867 991 928 in
1012 861 1155 947 patriciis

50 963 222 1044 allegendis
257 970 411 1046 usurpata
443 967 537 1030 modo
571 967 740 1048 disputaui,
774 989 837 1030 non
866 968 932 1031 siue
955 968 1039 1031 iusta
1061 989 1156 1030 causa

51 1065 85 1126 de
107 1063 244 1128 Octauio
267 1089 366 1148 puero
389 1068 472 1130 inter
495 1069 646 1150 patricios
669 1068 752 1132 lecto
769 1069 913 1132 dubitare
929 1069 1048 1134 uideor.
1085 1067 1154 1131 Nec

51 1166 215 1247 perspici0,
254 1189 309 1230 cur
343 1189 415 1252 eum
449 1168 566 1234 Caesar
598 1170 681 1234 inter
705 1170 858 1251 patricios
884 1170 1038 1252 allegarit,
1061 1191 1155 1250 quem

50 1289 104 1347 per
135 1267 343 1348 adoptionem
376 1271 485 1334 eadem
518 1271 672 1352 dignitate
703 1293 816 1334 ornare
838 1275 947 1352 posset
968 1275 1002 1334 et
1023 1292 1057 1334 re
1079 1293 1156 1334 uera

52 1371 239 1432 testamento
263 1369 365 1432 filium
387 1393 478 1434 suum
502 1371 630 1436 faceret.
675 1371 719 1434 Et
741 1377 777 1435 ut
800 1373 839 1435 ad
855 1394 892 1434 ea
908 1375 1051 1436 ueterum
1063 1372 1154 1434 testi-

55 1467 151 1530 monia
173 1470 315 1545 redeam,
339 1493 419 1550 quae
435 1470 505 1536 'huc
527 1473 699 1553 pertinent,
722 1471 875 1536 Nicolaus
898 1473 1039 1551 tradidit,
1059 1469 1154 1535 Octa-

53 1571 143 1642 uium,
171 1576 346 1649 antequam
368 1570 572 1653 Apolloniam
595 1574 758 1656 profectus
782 1578 875 1651 esset,
899 1597 918 1638 a
940 1578 1051 1637 senatu
1074 1574 1157 1636 inter'

51 1673 197 1752 patricios
222 1673 383 1737 allectum.
429 1672 508 1736 Cum
531 1675 707 1756 putandum
729 1675 780 1751 sit,
805 1697 876 1737 eum
892 1675 925 1736 in
940 1678 1053 1738 senatu
1068 1695 1155 1738 com-

51 1776 253 1838 memorando
277 1797 409 1850 errasse,
434 1775 530 1838 etiam
554 1797 634 1856 quae
658 1776 695 1838 de
718 1780 862 1856 tempore
884 1781 1003 1851 narrat,
1019 1798 1082 1838 non
1098 1776 1155 1837 du-

51 1875 115 1939 bito
145 1877 278 1940 reicere.
323 1875 494 1940 Suetonius
524 1882 635 1941 auctor
659 1881 716 1954 est,
740 1899 812 1940 cum
834 1877 1031 1940 tribunatum
1053 1871 1156 1958 plebis

52 1977 175 2056 petisse,
200 2000 395 2058 quamquam
417 1979 571 2058 patricius
596 1983 679 2041 esset
702 1978 836 2040 necdum
860 1982 997 2054 senator,
1020 1978 1076 2039 sed
1090 1999 1158 2039 rem

52 2077 78 2140 ei
108 2100 171 2141 non
203 2079 286 2142 bene
317 2079 516 2142 successisse.
561 2079 624 2142 Hic
655 2101 759 2142 nonne
787 2079 975 2155 mirandum,
998 2079 1157 2158 quomodo

52 2178 168 2242 factum
192 2181 245 2258 sit,
269 2184 305 2243 ut
327 2180 456 2244 omnino
479 2181 510 2242 in
534 2181 675 2242 animum
697 2180 863 2243 induceret
885 2177 1079 2242 Octauianus
1098 2180 1157 2242 tri-

52 2278 201 2344 bunatum
235 2280 338 2362 plebis
370 2285 489 2362 petere,
521 2282 548 2344 si
577 2281 729 2362 patricius
753 2283 856 2344 esset?
900 2279 983 2344 Nam
1008 2281 1158 2360 quoniam

53 2379 83 2441 in
105 2381 264 2446 demortui
286 2382 407 2444 tribuni
430 2383 534 2445 locum
558 2404 591 2444 se
615 2383 817 2445 candidatum
840 2381 1002 2463 professus
1022 2385 1079 2457 est,
1095 2403 1158 2444 non

54 2483 227 2560 putandum
251 2488 308 2559 est,
333 2483 487 2546 eiusmodi
511 2505 583 2546 enm
604 2484 808 2546 tribuniciam
826 2487 1018 2565 potestatem
1029 2482 1158 2564 petisse,
1232 2515 1238 2530 =

9 2609 11 2614 ’
54 2583 152 2662 qualis
176 2583 306 2648 Caesari
329 2585 498 2648 commissa
521 2589 590 2648 erat
603 2585 621 2648 ¹.
656 2585 757 2648 Credo
780 2607 848 2648 rem
870 2585 916 2647 ita
938 2606 971 2647 se
995 2583 1158 2646 habuisse:

55 2681 129 2746 Cum
159 2685 322 2750 Antonius
353 2686 548 2768 impedisset,
571 2709 610 2750 ne
634 2687 762 2768 adoptio
786 2687 856 2766 lege
881 2687 1003 2748 curiata
1024 2686 1157 2766 perfice-

9 2865 14 2878 ·
56 2789 139 2848 retur
150 2785 171 2864 ²,
205 2789 276 2850 iure
309 2809 342 2851 se
373 2788 534 2869 plebeium
565 2810 633 2852 esse
661 2793 692 2851 et
714 2788 913 2850 tribunatum
934 2791 1043 2868 petere
1066 2807 1159 2866 posse

56 2886 225 2952 declarauit
248 2887 452 2952 Octauianus.
498 2887 559 2952 Sed
582 2889 609 2952 si
632 2888 693 2952 hoc
716 2889 895 2965 statuimus,
919 2888 995 2968 quid
1017 2887 1078 2950 sibi
1100 2909 1158 2950 uo-

55 2985 120 3051 lunt
152 2991 254 3053 uerba
286 2989 341 3052 illa
374 2988 545 3054 Suetonius
579 3011 771 3074 quoinqucur
797 2989 984 3073 patricius?
1027 2987 1072 3051 Ut
1099 3009 1158 3069 ego

55 3091 163 3168 sentio,
199 3113 263 3154 non
296 3092 421 3168 docent,
453 3091 727 3154 testamentariam
759 3091 962 3171 adoptionem
985 3089 1159 3171 perfectam

56 3210 131 3270 esse,
153 3194 272 3256 nedum
295 3191 506 3256 Octauianum
529 3215 548 3255 a
570 3191 704 3256 Caesare
720 3193 753 3256 in
768 3192 919 3273 patricios
935 3191 1063 3254 lectum.
1097 3189 1160 3254 sed

9 3281 10 3286 ¹
56 3295 242 3368 monuerint,
266 3294 321 3374 qui
336 3293 523 3374 petitionem
539 3291 707 3356 Octauiani
718 3293 872 3374 impedire
885 3292 1064 3370 studebant,
1078 3315 1159 3368 euni,

57 3413 125 3456 cum
147 3396 185 3458 de
209 3398 311 3458 morte
335 3399 367 3456 et
388 3398 581 3482 testamento
602 3393 745 3458 Caesaris
762 3393 963 3476 Apolloniam
979 3393 1160 3455 nuntiatum

58 3499 146 3572 esset,
169 3495 279 3560 statim
301 3517 359 3576 pro
381 3495 497 3558 herede
521 3494 665 3558 Caesaris
688 3517 783 3576 agere
800 3495 941 3577 coepisse
958 3495 1088 3573 eiusque
1100 3515 1159 3556 no-

57 3615 125 3658 men
148 3597 315 3672 asciuissu
337 3618 435 3677 quare
457 3600 526 3658 tum
548 3596 652 3658 minus
668 3618 740 3658 eum
762 3599 944 3659 constanter
965 3615 1069 3676 agere,
1089 3616 1160 3660 cum

57 3695 251 3762 tribunatum
281 3697 384 3778 plebis
410 3701 544 3779 peteret.
588 3695 635 3758 Re
658 3718 735 3759 uera
758 3696 858 3759 altera
880 3699 1005 3760 tantum
1026 3716 1077 3757 res
1100 3694 1159 3756 ali-

59 3797 143 3860 cuius
165 3799 319 3863 momenti
341 3797 448 3874 fuerit,
465 3798 549 3878 quod
565 3801 693 3860 senator
708 3819 772 3860 non
788 3802 865 3874 erat,
882 3797 901 3859 i.
916 3818 942 3859 e.
957 3800 1160 3876 quaesturam

62 3914 112 3922 “w-
116 3919 176 3925 -s-
186 3920 258 3925 -.-

159 3968 165 3996 ¹
185 3974 222 4018 De
247 3971 385 4016 tribunicia
407 3973 536 4028 potestate
556 3970 675 4015 Caesaris
694 3970 799 4028 scripsit
818 3969 846 4014 L.
866 3968 1012 4025 Wiegandt:
1032 3968 1058 4014 0.
1077 3967 1160 4014 Iulius

60 4031 138 4100 Cissi
153 4058 207 4103 nnd
226 4058 267 4102 die
285 4055 470 4105 tribunicische
490 4055 596 4100 Gewalt.
627 4055 671 4099 Ofr
689 4055 872 4100 Wochenscln·.
892 4053 934 4098 fiir
953 4052 993 4098 Kl.
1013 4053 1077 4098 Phil.
1097 4055 1159 4100 1891

61 4138 115 4182 coll.
134 4141 182 4187 396
201 4155 258 4199 sqq.
940 4141 943 4145 ’

158 4218 168 4248 ²
185 4225 233 4270 Dio
253 4224 318 4270 XLV
340 4227 361 4271 5.
