3004 5066
796 347 951 399 „28ss

323 532 386 574 non
409 514 565 591 gesserat;
593 531 666 572 nam
689 508 814 572 etiamsi
837 531 900 573 non
923 510 984 586 lex,
1008 514 1041 572 at
1063 530 1132 573 mos
1154 513 1262 572 tamen
1289 509 1438 572 tribuna-

323 618 391 676 tum
424 616 496 674 ante
530 614 734 690 quaesturam
767 615 891 691 gestam
925 611 990 691 peti
1022 609 1228 691 prohibebat;
1265 609 1439 692 Appianus

323 713 510 794 petitionem
544 712 610 774 eius
642 716 812 793 propterea
844 733 960 774 nouam
983 711 1196 775 existimabam
1219 712 1333 788 docet,
1361 713 1440 792 quod
1481 690 1482 719 r

324 814 454 876 uixdum
487 812 595 876 adulta
628 815 697 874 erat
728 816 833 875 aetate
846 812 865 874 ¹.
910 811 1017 892 Atque
1047 833 1085 876 ex
1109 813 1194 876 illius
1218 813 1439 876 contentionis

324 918 474 996 corrupta
497 913 649 977 memoria
671 935 708 976 ea
731 912 843 976 Dionis
868 913 965 976 uerba
988 914 1037 994 (ut
1052 918 1084 977 et
1099 913 1239 994 Nicolai)
1259 915 1440 996 repetenda

325 1037 449 1092 oense0,
473 1036 553 1094 quae
577 1037 673 1095 supra
696 1013 803 1076 attuli:
833 1011 849 1076 ό
872 1010 995 1095 Καῖσαρ
1018 1012 1051 1083 ἐς
1074 1053 1109 1062 -
1130 1052 1169 1059 —
1186 1051 1226 1059 -ν
1249 1016 1328 1084 τοὺς
1353 1013 1440 1076 εὐπα-

324 1115 426 1196 τρίδας
449 1113 536 1176 αὐτὸν
559 1112 698 1199 ἐσήγαγε.
1128 1185 1133 1194 ι

426 1215 475 1280 lta
499 1217 639 1296 quaeda
663 1215 798 1297 patricia
820 1215 975 1297 dignitate
999 1215 1167 1280 Octauiani
1191 1240 1209 1280 a
1231 1217 1347 1281 Dione
1373 1240 1439 1279 nar-

327 1323 447 1394 rantur,
476 1318 515 1380 iis
538 1339 738 1398 nequaquam
763 1317 887 1380 ostendi
910 1318 1013 1394 crede,
1037 1323 1256 1399 praeteream
1281 1319 1439 1400 patriciae

245 1462 248 1474 .
327 1418 503 1482 nobilitatis
527 1408 781 1492 declarationem,
810 1440 890 1498 quae
913 1419 996 1499 apud
1019 1415 1148 1482 Liuium
1171 1425 1371 1500 ceterosque
1394 1442 1439 1482 re-

327 1542 398 1582 rum
427 1519 597 1600 scriptores
630 1523 763 1599 excepto
785 1517 941 1600 Dionysio
965 1520 1112 1596 occurrit,
1137 1521 1232 1584 etiam
1256 1521 1363 1584 aliam
1386 1521 1438 1584 sub

327 1622 422 1684 finem
445 1620 563 1684 liberae
585 1620 800 1700 reipublicae
823 1619 949 1683 solitam
973 1643 1041 1684 esse
1064 1623 1258 1703 proponi-
1286 1645 1328 1685 ae
1354 1627 1439 1686 tauto
1477 1635 1478 1638 ’

327 1723 440 1798 minus,
475 1722 559 1802 quod
592 1743 655 1784 non
689 1743 765 1784 uera
797 1721 869 1784 sint.
914 1720 1027 1802 Neque
1059 1723 1172 1804 opinor
1200 1722 1262 1787 Dio
1293 1723 1375 1787 huie
1397 1723 1436 1785 rei

327 1825 446 1905 aliquid
468 1823 620 1886 momenti
643 1822 765 1884 tribuit.
812 1822 899 1896 Quae
922 1825 959 1886 de
982 1825 1188 1905 patriciarum
1207 1826 1364 1906 gentium
1380 1825 1437 1887 ori·

326 1927 399 2006 gine
422 1925 529 2000 sensit,
554 1946 592 1987 ex
615 1946 652 1986 ea
674 1924 858 1987 condicione
883 1925 1090 2005 computauit,
1113 1949 1176 2006 qua
1198 1948 1335 1989 suorum
1360 1931 1435 1989 tem·

326 2049 438 2109 porum
461 2026 612 2108 patricios
636 2025 681 2087 uti
705 2025 842 2089 uidebat.
884 2023 960 2087 Non
982 2026 1081 2106 igitur
1104 2049 1142 2089 ex
1165 2027 1204 2090 iis
1227 2027 1435 2091 historiarum

327 2130 394 2191 eius
423 2127 619 2207 fragmentis,
643 2148 723 2206 quae
752 2127 790 2188 ad
813 2148 925 2206 regum
948 2131 1085 2189 aetatem
1108 2127 1279 2208 pertinent,
1306 2129 1432 2192 conclu-

327 2229 464 2292 dendum
497 2232 554 2303 est,
589 2228 627 2289 de
658 2227 780 2306 origine
809 2229 1016 2309 patriciarum
1044 2229 1185 2309 gentium
1210 2231 1377 2310 quondam
1400 2228 1433 2290 ab

327 2330 397 2393 aliis
421 2329 513 2391 aliter
536 2332 698 2390 narratum
722 2349 799 2390 esse.

428 2429 490 2493 Sed
512 2435 634 2492 restant
655 2429 800 2492 nonnulli
822 2435 967 2493 ueterum
989 2430 1144 2494 librorum
1162 2431 1235 2506 loei,
1252 2434 1308 2513 qui
1327 2453 1431 2496 eorum

326 2533 502 2596 sententiae
525 2531 633 2594 fauere
658 2532 835 2608 uideantur,
848 2533 902 2611 qui
914 2532 1066 2612 patricios
1082 2554 1144 2596 non
1157 2534 1335 2614 superioris
1349 2536 1430 2595 aeta·

326 2636 367 2698 tis
398 2634 598 2710 nobilitatem
628 2633 725 2696 fuisse
748 2637 871 2714 putant,
895 2634 928 2695 in
950 2634 1110 2697 senatoria
1132 2635 1184 2696 uel
1206 2635 1302 2698 simili
1331 2634 1430 2712 aliqua

327 2737 481 2817 dignitate
514 2735 635 2798 fontem
665 2755 756 2797 suum
783 2733 964 2808 habentem,
988 2735 1043 2798 sed
1066 2771 1105 2778 --
1128 2735 1249 2798 utiam
1272 2736 1429 2816 plerisque

325 2839 497 2901 latinarum
526 2858 632 2898 rerum
656 2834 838 2899 doctoribus
861 2835 966 2916 placet
989 2875 1027 2882 -
1052 2835 1242 2917 originarios
1265 2842 1298 2900 et
1322 2835 1429 2918 genui·

326 2962 383 3004 nos
405 2939 451 3002 rei
474 2937 620 3018 publicae
643 2958 791 3000 romanae
816 2937 910 3000 ciues.
950 2937 1046 3000 Cuius
1070 2937 1195 3018 generis
1218 2938 1280 3001 looi
1296 2938 1332 3002 hi
1349 2939 1429 3000 sunt:

326 3042 440 3106 Festus
467 3063 496 3120 p.
526 3041 600 3101 241:
638 3038 799 3100 Potrieios
833 3038 963 3101 Or'ocius
995 3041 1042 3101 ait
1072 3042 1106 3101 111
1130 3039 1210 3102 libro
1234 3040 1271 3101 cle
1296 3039 1430 3102 0011111111

327 3163 378 3205 eos
401 3141 562 3224 appellari
584 3142 703 3219 solitar,
728 3143 782 3223 qui
807 3162 890 3202 110110
914 3143 1045 3223 inpetriri
1059 3150 1220 3204 uocantur.
1259 3141 1427 3223 Dionysius

326 3241 412 3305 118:
447 3237 474 3302 οἱ
506 3244 559 3321 μὲν
592 3240 628 3323 δὴ
661 3242 697 3300 τὰ
728 3241 921 3301 πιθανώτατα
942 3245 1083 3324 περὶτῆς
1106 3239 1260 3324 Ῥωμαίων
1283 3243 1428 3304 πολιτείας

326 3339 510 3424 ἱστοροῦντες
541 3341 589 3402 διὰ
619 3343 728 3410 ταότας
756 3344 810 3410 τὰς
838 3339 934 3411 αἰτίας
956 3343 1113 3425 κληθῆναί
1135 3363 1208 3427 φασι
1230 3344 1299 3413 τοὺς
1322 3341 1428 3422 ἄνδρας

326 3443 456 3513 ἐκείνους
478 3447 608 3524 πατέρας
631 3445 682 3504 καὶ
704 3444 773 3512 τοὺς
795 3441 936 3521 ἐκγόνους
959 3441 1054 3505 αὐτῶν
1069 3447 1250 3525 πατρικίους,
1267 3441 1295 3504 οἱ
1311 3443 1344 3504 δὲ
1359 3442 1426 3524 πρὸς

327 3549 375 3608 τὸν
403 3544 476 3606 ἴδιον
508 3545 621 3628 φθόνον
654 3543 848 3626 ἀναφέροντες
877 3547 909 3604 τὸ
937 3554 1062 3627 πρᾶγμα
1084 3547 1135 3604 καὶ
1159 3543 1370 3626 διαβάλλοντες
1390 3536 1427 3606 είς

327 3646 494 3724 δυσγένειαν
516 3647 568 3728 τὴν
591 3645 676 3705 πόλιν
700 3641 733 3705 ob
757 3643 804 3705 διὰ
827 3653 919 3706 ταυτα
941 3647 1111 3726 πατρικίους
1131 3643 1262 3714 ἐκείνους
1278 3641 1425 3728 κληθῆναί

326 3767 425 3830 φασιν,
448 3743 517 3806 ἀλλ’
540 3743 583 3807 ότι
605 3749 736 3828 πατέρας
759 3743 840 3828 εἶχον
863 3743 1016 3816 ἀποδεῖξαι
1039 3750 1132 3827 μόνοι,
1155 3743 1197 3814 ὡς
1212 3755 1267 3807 τῶν
1282 3767 1315 3824 γε
1328 3743 1424 3807 ἄλλων

327 3847 478 3927 δραπετῶν
504 3844 593 3908 όντων
610 3849 667 3908 ’καὶ
690 3844 744 3908 οὐκ
766 3844 894 3929 ἐχόντων
917 3843 1064 3928 όνορόιοαι
1086 3851 1218 3928 πατέρας
1241 3843 1422 3926 ἐλευθέρους·

327 3947 448 4024 Quibus
482 3970 553 4010 eum
584 3947 662 4012 loeis
686 3948 911 4011 eonferendum
935 3952 982 4028 est
1005 3947 1075 4010 Liu.
1099 3947 1128 4010 X
1149 3949 1181 4011 8:
1217 3968 1254 4010 err
1280 3961 1423 4030 uniquam

384 4061 387 4066 ¹
431 4083 522 4146 1Αρρ.
541 4087 604 4134 Bell.
624 4088 672 4132 eiu.
692 4087 731 4131 111
751 4089 796 4142 31;
825 4086 869 4130 Cir
889 4086 1041 4132 Hoffmann:
1062 4087 1113 4132 Der
1131 4086 1271 4132 Rbmisohe
1290 4086 1367 4130 Sonat
1384 4091 1421 4138 pp.

330 4176 374 4220 158
395 4186 432 4230 sq.
452 4175 478 4217 et
496 4170 640 4216 Mommsen
660 4173 698 4216 SR
717 4165 743 4215 Ι3
761 4185 785 4229 p.
806 4173 853 4216 554
873 4171 930 4214 adn.
953 4171 972 4214 1.
